@InProceedings{ featherstone06,
	author = "Roy Featherstone",
	bibdate = "2007-11-28",
	booktitle = "{ICRA}",
	pages = "1892--1897",
	title = "{Plucker Basis Vectors}",
	year = "2006"
}

@Book{ barrientos07fundamentos,
	author = "A. Barrientos and L. F. Pe{\~n}{\'i}n and C. Balaguer and R. Aracil",
	edition = "2Âª",
	publisher = "Mc Graw-Hill",
	title = "{Fundamentos de Rob{\'o}tica}",
	year = "2007"
}

@Book{ featherstone87,
	author = "Roy Featherstone",
	publisher = "Kluwer Academic Publishers",
	title = "{Robot Dynamics Algorithms}",
	year = "1987"
}

@Article{ featherstone99_1,
	author = "Roy Featherstone",
	bibsource = "DBLP, http://dblp.uni-trier.de",
	ee = "http://ijr.sagepub.com/cgi/content/abstract/18/9/867",
	journal = "I. J. Robotic Res.",
	number = "9",
	pages = "867--875",
	title = "{A Divide-and-Conquer Articulated-Body Algorithm for Parallel O(log(n)) Calculation of Rigid-Body Dynamics. Part 1: Basic Algorithm}",
	volume = "18",
	year = "1999"
}

@Article{ featherstone99_2,
	author = "Roy Featherstone",
	bibsource = "DBLP, http://dblp.uni-trier.de",
	ee = "http://ijr.sagepub.com/cgi/content/abstract/18/9/876",
	journal = "I. J. Robotic Res.",
	number = "9",
	pages = "876--892",
	title = "{A Divide-and-Conquer Articulated-Body Algorithm for Parallel O(log(n)) Calculation of Rigid-Body Dynamics. Part 2: Trees, Loops, and Accuracy}",
	volume = "18",
	year = "1999"
}

@Book{ hollerbach82,
	author = "J. M. Hollerbach and T. L. Johnson and T. Lozano-Perez and M. T. Mason and M. Brady",
	publisher = "MIT Press",
	title = "{Robot Motion: Planning and Control}",
	year = "1982"
}

@Book{ sciavicco09,
	author = "L. Sciavicco and L. Villani and G. Oriolo and B. Siciliano",
	publisher = "Springer",
	title = "{Robotics. Modelling, Planning and Control}",
	year = "2009"
}

@Article{ kahn71,
	author = "M. E. Kahn and B. Roth",
	institution = "Memorex/Stanford",
	journal = "J. Dynamic Systems, Measurement and Control",
	number = "93",
	pages = "164--172",
	title = "{The Near-Minimum-Time Control of Open-Loop Articulated Kinematic Chains}",
	year = "1971"
}

@Article{ uicker67,
	annote = "Uicker [1967] performs a dynamic force analysis of spatial elements formulating the kinetic energy expression with a 4x4 inertia matrix and using kinematic relations established in [Denavit et al 1965]. Lagrange's equations are used to compute the external loading and the method of variation of constraints to evaluate the joint and bearing forces.",
	author = "J. J. Uicker",
	institution = "US Ordnance Corps, Phila",
	journal = "J. Appl. Mechanics",
	keywords = "M 3D DYN",
	number = "34",
	pages = "418--424",
	title = "{Dynamic Force analysis of spatial linkages}",
	year = "1967"
}

@Article{ featherstone83,
	author = "Roy Featherstone",
	journal = "International J. of Robotics, 2(1)",
	keywords = "R DYN",
	pages = "13--29",
	title = "{The Calculation of Robot Dynamics Using Articulated-Body inertias}",
	year = "1983"
}

@Article{ stepanenko76,
	author = "Y. Stepanenko and M. Vukobratovic",
	journal = "Mathematical Biosciences",
	pages = "137--170",
	title = "{Dynamics of articulated open-chain active mechanisms}",
	volume = "28",
	year = "1976"
}

@Article{ orin79,
	author = "D. E. Orin and R. B. McGhee and M. Vukobratovic and G. Hartoch",
	journal = "Mathematical Biosciences",
	keywords = "R DYN KIN",
	pages = "107--130",
	title = "{Kinematic and kinetic analysis of open-chain linkages utilizing newton-euler methods}",
	volume = "43",
	year = "1979"
}

@Article{ luh80,
	author = "J. Y. S Luh and M. W. Walker and R. P. C. Paul",
	journal = "J. Dynamic Systems, Meas. and Control",
	keywords = "R DYN COMPUTATION",
	pages = "69--76",
	title = "{On-line computational scheme for mechanical manipulators}",
	volume = "102",
	year = "1980"
}

@Article{ hollerbach80,
	author = "J. M. Hollerbach",
	institution = "MIT-AIL",
	journal = "IEEE Trans. Syst., Man, and Cybern.",
	keywords = "R DYN",
	pages = "730--736",
	title = "{A Recursive Lagrangian Formulation of Manipulator Dynamics and a Comparative Study of Dynamics Formulation Complexity}",
	year = "1980"
}

@Article{ walker82,
	author = "M. W. Walker and D. E. Orin",
	institution = "Nordson/OSU",
	journal = "J. Dyn. Systems, Meas. and Control, ASME Trans",
	keywords = "R DYN SIMULATION",
	number = "3",
	pages = "205--211",
	title = "{Efficient dynamic computer simulation of robotic mechanisms}",
	volume = "104",
	year = "1982"
}

@InProceedings{ mcmillan98,
	author = "S. McMillan and D. E. Orin",
	booktitle = "{Proceedings of the IEEE International Conference on Robotics and Automation}",
	pages = "464--470",
	title = "{Forward dynamics of multilegged vehicles using the composite rigid body method}",
	year = "1998"
}

@Article{ balafoutis89,
	author = "C. A. Balafoutis and R. V. Patel",
	journal = "IEEE Transactions on Systems, Man, and Cybernetics",
	pages = "1313--1321",
	title = "{Efficient computation of manipulator inertia matrices and the direct dynamics problem}",
	volume = "19",
	year = "1989"
}

@Article{ lilly91,
	author = "K. W. Lilly and D. E. Orin",
	journal = "International Journal of Robotics Research",
	pages = "64--74",
	title = "{Alternate formulations for the manipulator inertia matrix}",
	volume = "10",
	year = "1991"
}

@Article{ vereshchagin70,
	author = "A. F. Vereshchagin",
	journal = "Engineering Cybernetics",
	pages = "65--70",
	title = "{Computer simulation of the dynamics of complicated mechanisms of robot manipulators}",
	volume = "6",
	year = "1970"
}

@InProceedings{ armstrong79,
	author = "W. W. Armstrong",
	booktitle = "{Proceedings of the 5th World Congress on Theory of Machines and Mechanisms}",
	pages = "1343--1346",
	title = "{Recursive solution to the equations of motion of an n-link manipulator}",
	year = "1979"
}

@InProceedings{ johanni86,
	author = "R. Johanni and M. Otter and H. Brandl",
	booktitle = "{Proceedings of the IFAC/IFIP/IMACS International Symposium on Theory of Robots}",
	pages = "95--100",
	title = "{A very efficient algorithm for the simulation of robots and similar multibody systems without inversion of the mass matrix}",
	year = "1986"
}

@Article{ mcmillan95,
	author = "S. McMillan and D. E. Orin",
	journal = "IEEE Transactions on Robotics and Automation",
	pages = "606--611",
	title = "{Efficient Computation of Articulated-Body Inertias Using Successive Axial Screws}",
	volume = "11",
	year = "1995"
}

@Article{ rodrguez87,
	author = "G. Rodr{\'i}guez",
	journal = "IEEE Journal on Robotics and Automation",
	pages = "624--639",
	title = "{Kalman filtering, smoothing, and recursive robot arm forward and inverse dynamics}",
	volume = "6",
	year = "1987"
}

@Article{ rodrguez91,
	author = "G. Rodr{\'i}guez and K. Kreutz-Delgado and A. Jain",
	journal = "The International Journal of Robotics Research",
	pages = "371--381",
	title = "{A Spatial Operator Algebra for Manipulator Modelling and Control}",
	volume = "10",
	year = "1991"
}

@Article{ pai97,
	author = "D. K. Pai and B. P. Cloutier and U. M. Ascher",
	journal = "International Journal of Robotics Research",
	pages = "749--758",
	title = "{Forward dynamics, elimination methods, and formulation stiffness in robot simulation}",
	volume = "16",
	year = "1997"
}

@Article{ book84,
	author = "W. J. Book",
	journal = "International Journal of Robotics Research",
	pages = "87--101",
	title = "{Recursive lagrangian dynamics of flexible manipulator arms}",
	volume = "3",
	year = "1984"
}

@Book{ roberson88,
	author = "R. E. Roberson and R. Schwertassek",
	publisher = "Springer-Verlag",
	title = "{Dynamics of Multibody Systems}",
	year = "1988"
}

@Book{ wittenburg77,
	author = "J. Wittenburg",
	publisher = "B. G. Teubner",
	title = "{Dynamics of Systems of Rigid Bodies}",
	year = "1977"
}

@Article{ sharf95,
	author = "I. Sharf and G. M. T. D'Eleuterio and A. Fijany",
	journal = "IEEE Transactions on Robotics and Automation",
	pages = "389--400",
	title = "{Parallel o(log(n)) algorithms for computation of manipulator forward dynamics}",
	volume = "11",
	year = "1995"
}

@Article{ featherstone99,
	author = "Roy Featherstone and A. Fijany",
	journal = "IEEE Transactions on Robotics and Automation",
	pages = "1140--1144",
	title = "{A technique for analyzing constrained rigid-body systems and its application to the constraint force algorithm}",
	volume = "15",
	year = "1999"
}

@Book{ poole00,
	author = "C. Poole and J. Safko and H. Goldstein",
	publisher = "Addison Wesley",
	title = "{Classical Mechanics (Third Edition)}",
	year = "2000"
}

@Book{ featherstone08,
	author = "Roy Featherstone",
	publisher = "Springer",
	title = "{Rigid Body Dynamics Algorithms}",
	year = "2008"
}

@Article{ vukobratovic04,
	author = "M. Vukobratovic and B. Borovac",
	journal = "International Journal of Humanoid Robotics",
	number = "1",
	pages = "157--173",
	title = "{Zero-moment point - Thirty five years of its life}",
	volume = "1",
	year = "2004"
}

@InProceedings{ dasgupta99,
	author = "A. Dasgupta and Y. Nakamura",
	booktitle = "{Proceedings of the IEEE International Conference on Robotics and Automation}",
	pages = "1044--1049",
	title = "{Making feasible walking motion of humanoids}",
	year = "1999"
}



@PhDThesis{ kaynov08thesis,
	author = "Dmitry Kaynov",
	title = "{Open motion control architecture for humanoid robots}",
	school="Universidad Carlos III de Madrid",
	year = "2008"
}

@Article{ baraff96linear,
	author = "D. Baraff",
	journal = "Computer Graphics (SIGGRAPH)",
	pages = "137--146",
	title = "{Linear-time dynamics using lagrange multipliers}",
	year = "1996"
}

@Article{ arbulu09real,
	author = "M. Arbul{\'u} and C. Balaguer",
	journal = "International Journal of Humanoid Robotics",
	number = "1",
	pages = "71--91",
	title = "{Real-Time Gait Planning for Rh-1 Humanoid Robot Using Local Axis Gait Algorithm}",
	volume = "6",
	year = "2009"
}

@InProceedings{ ogura06development,
	author = "Yu Ogura and Hiroyuki Aikawa and Hideki Kondo and Akitoshi Morishima and Hun-ok Lim and Atsuo Takanishi",
	pages = "76--81",
	publisher = "International Conference on Proceedings of IEEE Robotics and Automation",
	title = "{Development of a new humanoid robot WABIAN-2}",
	year = "2006"
}

@InProceedings{ sakagami02intelligent,
	author = "Yoshiaki Sakagami and Ryujin Watanabe and Chiaki Aoyama and Shinichi Matsunaga and Nobuo Higaki and Kikuo Fujimura",
	pages = "2478--2483",
	publisher = "IEEE/RSJ international conference on intelligent robots and systems",
	title = "{The intelligent ASIMO: System overview and integration}",
	year = "2002"
}

@InProceedings{ kaneko04humanoid,
	author = "Kenji Kaneko and Fumio Kanehiro and Shuuji Kajita and Hirohisa Hirukawa and Toshikazu Kawasaki and Masaru Hirata and Kazuhiko Akachi and Takakatsu Isozumi",
	pages = "1083--1090",
	publisher = "Proceedings of IEEE International Conference on Robotics and Automation",
	title = "{Humanoid robot HRP-2}",
	year = "2004"
}

@Article{ arbulu09rh1,
	author = "M. Arbul{\'u} and Dmitry Kaynov and L. M. Cabas and C. Balaguer",
	journal = "Journal of Applied Bionics and Biomechanics.",
	number = "3",
	pages = "301--344",
	title = "{The Rh-1 full-size humanoid robot: design, walking pattern generation and control}",
	volume = "6",
	year = "2009"
}

@Article{ katic03survey,
	author = "D. Katic and M. Vukobratovic",
	journal = "Jounal of Intelligent and Robotics Systems",
	number = "37",
	pages = "117--141",
	title = "{Survey of Intelligent Control Techniques for Humanoid Robots}",
	year = "2003"
}

@InProceedings{ hirai98development,
	author = "K. Hirai and M. Hirose and Y Haikawa and T. Takenaka",
	pages = "1321--1326",
	publisher = "Proceedings of IEEE International Conference on Robotics and Automation",
	title = "{The development of the honda humanoid robot}",
	year = "1998"
}

@InProceedings{ yamaguchi99development,
	author = "J. Yamaguchi and E. Soga and S. Inoue and A. Takanishi",
	pages = "3801--3806",
	publisher = "Proceedings of IEEE International Conference on Robotics and Automation",
	title = "{Development of a Bipedal Humanoid Robot - Control Method of Whole Body Cooperative Dynamic Biped Walking}",
	year = "1999"
}

@InProceedings{ kaynov09practical,
	author = "D. Kaynov and P. Sou{\`e}res and P. Pierro and C. Balaguer",
	booktitle = "{IROS'09: Proceedings of the 2009 IEEE/RSJ international conference on Intelligent robots and systems}",
	isbn = "978-1-4244-3803-7",
	address = "St. Louis, MO, USA",
	pages = "3392--3397",
	publisher = "IEEE Press",
	title = "{A practical decoupled stabilizer for joint-position controlled humanoid robots}",
	year = "2009"
}

@Article{ storn1997differential,
	author = "R. Storn and K. Price",
	journal = "Journal of global optimization",
	number = "4",
	pages = "341--359",
	publisher = "Springer",
	title = "{Differential evolution--a simple and efficient heuristic for global optimization over continuous spaces}",
	volume = "11",
	year = "1997"
}

@Article{ huang2007,
	author = "F. Huang and L. Wang and Q. He",
	journal = "Applied Mathematics and computation",
	number = "1",
	pages = "340--356",
	publisher = "Elsevier",
	title = "{An effective co-evolutionary differential evolution for constrained optimization}",
	volume = "186",
	year = "2007"
}

@Article{ levie90,
	author = "R. {de Levie}",
	journal = "Journal of Electroanalytical Chemistry",
	pages = "1--21",
	title = "{Fractals and Rough Electrodes}",
	volume = "281",
	year = "1990"
}

@Article{ aoki,
	author = "K. {Aoki}",
	journal = "Journal of Electroanalytical Chemistry",
	pages = "13--22",
	title = "{Simulated Fractal Formation in Electrochemical Switching of Conducting Polymer Film into an Insulating Form on the Basis of the Propagation Theory of the Conductive Zone}",
	volume = "300",
	year = "1991"
}

@Article{ reinmuth,
	author = "W. H. {Reinmuth}",
	journal = "Journal of Analytical Chemistry",
	number = "10",
	pages = "1272--1276",
	title = "{Theory of Coulostatic Impulse Relaxation}",
	volume = "34",
	year = "1962"
}

@Article{ kooijman,
	author = "D. J. {Kooijman} and J. H. {Sluyters}",
	journal = "Electrochimica Acta",
	pages = "1579--1592",
	title = "{The Galvanostatic Single-Pulse and The Coulostatic Impulse Methods for the Determination of the Rate Constants of Electrode Reactions}",
	volume = "12",
	year = "1967"
}

@Article{ levie_vogt,
	author = "R. {de Levie} and A. {Vogt}",
	journal = "Journal of Electroanalytical Chemistry",
	pages = "23--28",
	title = "{On the Electrochemical Response of Rough Electrodes. Part II: The Transient Response in the Presence of Slow Faradic Processes}",
	volume = "281",
	year = "1990"
}

@Article{ nahir92,
	author = "T. M. {Nahir} and R. P. {Buck}",
	journal = "Journal of Electroanalytical Chemistry",
	pages = "1--14",
	title = "{Modified Cottrell Behavior in the Thin Layers: Applied Voltage Steps under Diffusion Control for Constant-Resistance Systems}",
	volume = "341",
	year = "1992"
}

@Article{ pajkossy,
	author = "T. {Pajkossy}",
	journal = "Journal of Electroanalytical Chemistry",
	pages = "1--11",
	title = "{Electrochemistry at Fractal Surfaces}",
	volume = "300",
	year = "1991"
}

@Article{ cole41,
	author = "K. S. {Cole} and R. H. {Cole}",
	journal = "Journal of Chemical Physics",
	month = "April",
	pages = "341--351",
	title = "{Dispersion and Absorption in Dielectrics. I. Alternating Current Characteristics}",
	volume = "9",
	year = "1941"
}

@Article{ cole42,
	author = "K. S. {Cole} and R. H. {Cole}",
	journal = "Journal of Chemical Physics",
	month = "April",
	pages = "98--105",
	title = "{Dispersion and Absorption in Dielectrics. II. Direct Current Characteristics}",
	volume = "10",
	year = "1942"
}

@TechReport{ svfeliu85,
	address = "Madrid, Espa{\~n}a",
	author = "S. {Feliu} and V. {Feliu}",
	institution = "Monograf{\'i}as del Instituto Eduardo Torroja de la Construcci{\'o}n y del Cemento",
	month = "Abril",
	title = "{Modelado e Identificaci{\'o}n de Procesos de Corrosi{\'o}n. An{\'a}lisis de la Respuesta a Se{\~n}ales Electricas}",
	year = "1985"
}

@Article{ proto67,
	author = "E. N. {Protonotarios} and O. {Wing}",
	journal = "IEEE Transactions on Circuit Theory",
	month = "March",
	number = "1",
	pages = "13--20",
	title = "{Theory of Nonuniform RC Lines. Part II: Analytic Properties in the Time Domain}",
	volume = "14",
	year = "1967"
}

@Article{ berger66,
	author = "H. {Berger}",
	journal = "IEEE Transactions on Circuits Theory",
	month = "March",
	number = "1",
	pages = "92--93",
	title = "{Generalized Nonuniform Transmission Lines}",
	volume = "CT-13",
	year = "1966"
}

@Article{ sadkowski,
	author = "A. {Sadkowski}",
	journal = "Electrochimica Acta",
	number = "14",
	pages = "2051--2054",
	title = "{Time Domain Responses of Constant Phase Electrodes}",
	volume = "38",
	year = "1993"
}

@Article{ sagues95,
	author = {A. A. {Sag{\"u}{\'e}s} and S. C. {Kranc} and E. I. {Moreno}},
	journal = "Corrosion Science",
	number = "7",
	pages = "1097--1113",
	title = "{The Time-Domain Response of a Corroding System with Constant Phase Angle Interfacial Component: Application to Steel in Concrete}",
	volume = "37",
	year = "1995"
}

@Article{ oldham72,
	author = "K. B. {Oldham}",
	journal = "Journal of Analytical Chemistry",
	month = "January",
	number = "1",
	pages = "196--198",
	title = "{A Signal-Independent Electroanalytical Method}",
	volume = "44",
	year = "1972"
}

@Article{ levie_vo,
	author = "R. {de Levie} and A. {Vogt}",
	journal = "Journal of Electroanalytical Chemistry",
	pages = "353--360",
	title = "{A Simple Model for Desorption Transients}",
	volume = "341",
	year = "1992"
}

@InProceedings{ cole33,
	address = "New York, USA",
	author = "K. S. {Cole}",
	booktitle = "{Proceedings of Symp. Quant. Biol.}",
	pages = "107--116",
	title = "{Electric Conductance of Biological Systems}",
	year = "1933"
}

@Article{ bauerle69,
	author = "J. E. {Bauerle}",
	journal = "Journal of Physics and Chemistry Solids",
	pages = "2657--2670",
	title = "{Study of Solid Electrolyte Polarization by a Complex Admittance Method}",
	volume = "30",
	year = "1969"
}

@Article{ battaglia00,
	author = "J. L. {Battaglia} and L. L. {Lay} and J. C. {Batsale} and A. {Oustaloup} and O. {Cois}",
	journal = "International Journal of Thermal Science",
	pages = "374--389",
	title = "{Utilisation de Mod{\`e}les d'Identification Non Entiers pour la R{\'e}solution de Probl{\`e}mes Inverses en Conduction}",
	volume = "39",
	year = "2000"
}

@Article{ ahmad01,
	author = "W. {Ahmad} and R. {El-Khazali} and A. S. {Elwakil}",
	journal = "Electronics Letters",
	month = "August",
	number = "18",
	pages = "1110--1112",
	title = "{Fractional-Order Wien-Bridge Oscillator}",
	volume = "37",
	year = "2001"
}

@Article{ oustaloup81,
	author = "A. {Oustaloup}",
	journal = "IEEE Transactions on Circuits and Systems",
	month = "October",
	number = "10",
	pages = "1007--1009",
	title = "{Fractional Order Sinusoidal Oscillators: Optimization and Their Use in Highly Linear FM Modulation}",
	volume = "CAS-28",
	year = "1981"
}

@Article{ achar01,
	author = "B. N. N. {Achar} and J. W. {Hanneken} and T. {Enck} and T. {Clarke}",
	journal = "Physica A",
	pages = "361--367",
	title = "{Dynamics of the Fractional Oscillator}",
	volume = "297",
	year = "2001"
}

@InProceedings{ heleschewitz,
	address = "Nancy, France",
	author = "D. {Heleschewitz} and D. {Matignon}",
	booktitle = "{Journ{\'e}es Doctorales d'Automatique}",
	pages = "49--52",
	title = "{R{\'e}alisations et Approximations Diffusives d'Oscillateurs avec Amortissements Visco{\'e}lastiques}",
	year = "1999"
}

@InProceedings{ orsoni_melchior,
	address = "Porto, Portugal",
	author = "B. {Orsoni} and P. {Melchior} and A. {Oustaloup}",
	booktitle = "{IEEE European Control Conference}",
	month = "September 4-7",
	title = "{Davidson-Cole Transfer Function in Path Tracking Design}",
	year = "2001"
}

@InProceedings{ matignon6,
	address = "Banff, Canada",
	author = "D. {Matignon}",
	booktitle = "{IRCAM, Centre Pompidou}",
	title = "{Physical Modelling of Musical Instruments: Analysis-Synthesis by means of State Space Representations}",
	year = "1995"
}

@Article{ podlubny_dprcak95,
	author = "I. {Podlubny} and L. {Dorcak} and J. {Misanek}",
	journal = "Transactions of the Technical University of Kosice",
	number = "2",
	pages = "137--144",
	title = "{Application of Fractional-Order Derivatives to Calculation of Heat Load Intensity Change in Blast Furnace Walls}",
	volume = "5",
	year = "1995"
}

@Book{ rossikhin97,
	author = "Y. A. {Rossikhin} and M. {Shitikova}",
	month = "January",
	number = "1",
	publisher = "ASME",
	title = "{Applications of Fractional Calculus to Dynamic Problems of Linear and Nonlinear Hereditary Mechanics of Solids}",
	volume = "50",
	year = "1997"
}

@Article{ salatino,
	author = "P. {Salatino} and F. {Zimbardi} and S. {Masi}",
	journal = "Carbon",
	number = "3",
	pages = "501--508",
	title = "{Fractal Approach to the Analysis of Low Temperature Combustion Rate of Coal Char: I. Experimental Results}",
	volume = "31",
	year = "1993"
}

@Article{ salatinob,
	author = "P. {Salatino} and F. {Zimbardi} and S. {Masi}",
	journal = "Carbon",
	number = "1",
	pages = "51--59",
	title = "{Fractal Approach to the Analysis of Low Temperature Combustion Rate of Coal Char: I. Model Development}",
	volume = "32",
	year = "1994"
}

@Article{ west00,
	author = "B. J. {West} and T. {Nonnenmacher}",
	journal = "Physics Letters A",
	month = "January",
	number = "5",
	pages = "255--259",
	title = "{An Ant in a Gurge}",
	volume = "278",
	year = "2001"
}

@InProceedings{ debnath02,
	address = "Las Vegas, Usa",
	author = "L. {Debnath}",
	booktitle = "{Proceedings of the IEEE Conference on Decision and Control}",
	month = "December",
	title = "{Fractional Calculus and Its Applications}",
	year = "2002"
}

@InProceedings{ oldham96,
	address = "Varna, Bulgaria",
	author = "K. B. {Oldham}",
	booktitle = "{Proceedings of Second International Workshop on Transform Methods $\&$ Special Functions}",
	month = "August 23-30",
	pages = "598--609",
	title = "{An Introduction to the Fractional Calculus and Some Applications}",
	year = "1996"
}

@InProceedings{ mainardi96,
	address = "Udine, Italy",
	author = "F. {Mainardi}",
	booktitle = "{CISM Lecture Notes}",
	month = "September 23-27",
	title = "{Fractional Calculus: Some Basic Problems in Continuum and Statical Mechanics}",
	year = "1996"
}

@InProceedings{ mainardi_visco,
	address = "Bologna, Italy",
	author = "F. {Mainardi}",
	booktitle = "{Lecture Notes on Mathematical Physics}",
	month = "November",
	title = "{Linear Viscoelasticity}",
	year = "1995"
}

@InProceedings{ westerlund93,
	address = "Kakopone, Poland",
	author = "S. {Westerlund}",
	booktitle = "{Proceedings of the 7th International Symposium on System Modelling Control}",
	month = "May 17-23",
	title = "{Causal Models of Dynamic Processes}",
	year = "1993"
}

@Article{ riewe97,
	author = "F. {Riewe}",
	journal = "Physical Review E",
	number = "3",
	pages = "3581--3592",
	title = "{Mechanics with Fractional Derivatives}",
	volume = "55",
	year = "1997"
}

@Article{ review96,
	author = "F. {Riewe}",
	journal = "Physical Review E",
	month = "February",
	number = "2",
	pages = "1890--1899",
	title = "{Nonconservative Lagragian and Hamiltonian Mechanics}",
	volume = "53",
	year = "1996"
}

@Article{ metzler97,
	author = "R. {Metzler} and T. F. {Nonnenmacher}",
	journal = "Journal of Physics A: Mathematical and General",
	pages = "1089--1093",
	title = "{Fractional Diffusion: Exact Represantions of Spectral Functions}",
	volume = "30",
	year = "1997"
}

@Article{ liang99,
	author = "W. L. {Hwang}",
	journal = "IEEE Transactions on Signal Processing",
	month = "August",
	number = "8",
	pages = "2211--2219",
	title = "{Estimation of Fractional Brownian Motion Embedded in a Noisy Environment Using Nonorthogonal Wavelets}",
	volume = "47",
	year = "1999"
}

@Article{ hirchoren99,
	author = "G. A. {Hirchoren} and C. D. {D'Attellis}",
	journal = "IEEE Transactions on Signal Processing",
	month = "May",
	number = "5",
	pages = "1431--1434",
	title = "{Estimation of Fractional Brownian Motion with Multiresolution Kalman Filter Banks}",
	volume = "47",
	year = "1999"
}

@Article{ west97,
	author = "B. J. {West} and P. {Grigolini} and R. {Metzler} and T. F. {Nonenmacher}",
	journal = "Physical Review E",
	month = "January",
	number = "1",
	pages = "99--106",
	title = "{Fractional Diffusion and L{\'e}vy Stable Processes}",
	volume = "55",
	year = "1997"
}

@Article{ mainardi_pironi,
	author = "F. {Mainardi} and P. {Pironi}",
	journal = "EXTRACTA MATHEMATICAE",
	number = "1",
	pages = "140--154",
	title = "{The Fractional Langevin Equation: Brownian Motion Revisited}",
	volume = "11",
	year = "1996"
}

@Article{ nigmatullin1,
	author = "R. R. {Nigmatullin}",
	journal = "Physica Status Solidi B",
	pages = "389--393",
	title = {{On the Theory of Relaxation for Systems with "Remnant" Memory}},
	volume = "124",
	year = "1984"
}

@Article{ nigmatullin2,
	author = "R. R. {Nigmatullin}",
	journal = "Physica Status Solidi B",
	pages = "739--745",
	title = {{To the Theoretical Explanation of the "Universal Response"}},
	volume = "123",
	year = "1984"
}

@InBook{ dissado,
	author = "L. A. {Dissado} and R. R. {Nigmatullin} and R. M. {Hill}",
	booktitle = "{Dynamical Processes in Condensed Matter}",
	pages = "253--292",
	title = "{The Fading of Memory During The Regression of Strctural Fluctuations}",
	volume = "63"
}

@Article{ aprile97,
	author = "A. {Aprile} and J. A.{Inaudi} and J. M. {Kelly}",
	journal = "Journal of Engineering Structures",
	pages = "551--560",
	title = "{Evolutionary Model of Viscoelastic Dampers for Structural Applications}",
	volume = "123",
	year = "1997"
}

@Article{ suarez97,
	author = "L. E. {Su{\'a}rez} and A. {Shokooh}",
	journal = "Journal of Applied Mechanics",
	month = "September",
	pages = "629--634",
	title = "{An Eigenvector Expansion Method for the Solution of Motion Containing Fractional Derivatives}",
	volume = "64",
	year = "1997"
}

@Article{ enelund97,
	author = "K. L. {Shen} and T. T. {Soong}",
	journal = "Journal of Engineering Mechanics",
	number = "6",
	pages = "694--701",
	title = "{Modelling of Viscoelastic Dampers for Structural Applications}",
	volume = "121",
	year = "1995"
}

@Article{ makris97,
	author = "N. {Makris}",
	journal = "Journal of Engineering Mechanics",
	month = "November",
	number = "11",
	pages = "1209--1214",
	title = "{Causal Hysteretic Element}",
	volume = "123",
	year = "1997"
}

@Article{ spanos97,
	author = "P. D. {Spanos} and B. A. {Zeldin}",
	journal = "Journal of Engineering Mechanics",
	month = "March",
	number = "3",
	pages = "290--292",
	title = "{Random Vibration of Systems with Frequency-Dependent Parameters or Fractional Derivatives}",
	volume = "123",
	year = "1997"
}

@Article{ torvik84,
	author = "P. J. {Torvik} and R. L. {Bagley}",
	journal = "Transactions of the ASME",
	month = "June",
	pages = "294--298",
	title = "{On the Appearance of the Fractional Derivative in the Behavior of Real Materials}",
	volume = "51",
	year = "1984"
}

@Article{ gross47,
	author = "B. {Gross}",
	journal = "Journal of Applied Physics",
	month = "February",
	pages = "212--221",
	title = "{On Creep and Relaxation}",
	volume = "18",
	year = "1947"
}

@Article{ he87,
	author = "X. F. {He}",
	journal = "Solid State Communications",
	number = "1",
	pages = "53--55",
	title = "{Dimensionality in Optical Spectra of Solids: Analysis by Fractional Calculus}",
	volume = "61",
	year = "1987"
}

@Article{ pritz96,
	author = "T. {Pritz}",
	journal = "Journal of Sound and Vibration",
	number = "1",
	pages = "103--115",
	title = "{Analysis of Four-Parameter Fractional Derivative Model of Real Solid Materials}",
	volume = "195",
	year = "1996"
}

@Article{ metzler95,
	author = "R. {Metzler} and W. {Schick} and H. G. {Kilian} and T. F. {Nonenmacher}",
	journal = "Journal of Chemical Physics",
	month = "October",
	number = "16",
	pages = "7180--7186",
	title = "{Relaxation in Filled Polymers: A Fractional Calculus Approach}",
	volume = "103",
	year = "1995"
}

@Article{ gaul91,
	author = "L. {Gaul} and P. {Klein} and S. {Kemple}",
	journal = "Mechanical Systems and Signal Processing",
	number = "2",
	pages = "81--88",
	title = "{Damping Description Involving Fractional Operators}",
	volume = "5",
	year = "1991"
}

@Article{ schiessel95,
	author = "H. {Schiessel} and R. {Metzler} and A. {Blumen} and T. F. {Nonenmacher}",
	journal = "Journal of Physics A: Mathematical and General",
	pages = "6567--6584",
	title = "{Generalized Viscoelastic Models: Their Fractional Equations with Solutions}",
	volume = "28",
	year = "1995"
}

@Article{ koeller84,
	author = "R. C. {Koeller}",
	journal = "Journal of Applied Mechanics",
	month = "June",
	pages = "299--307",
	title = "{Applications of Fractional Calculus to the Theory of Viscoelasticity}",
	volume = "51",
	year = "1984"
}

@InProceedings{ matignon1,
	address = "Paris, France",
	author = "D. {Matignon} and B. {d'Andrea-Novel}",
	booktitle = "{Collection T{\'e}l{\'e}com Paris C}",
	title = "{D{\'e}composition Modale Fractionnaire de l'Equation des Ondes avec Pertes Viscothermiques}",
	year = "1995"
}

@InProceedings{ matignon_mont,
	address = "Beirut, Lebanon",
	author = "D. {Matignon} and G. {Montseny}",
	booktitle = "{International Conference on Scientific Computations}",
	month = "March",
	pages = "421--430",
	title = "{Analysis and Numerical Simulation of Long-Memory Viscoelastic Systems by means of Diffusive Representations}",
	year = "1999"
}

@InProceedings{ matignon_stability,
	author = "D. {Matignon}",
	booktitle = "{Proceedings of the ESAIM}",
	month = "December",
	pages = "145--158",
	title = "{Stability Properties for Generalized Fractional Differential Systems}",
	year = "1998"
}

@Article{ westerlund91,
	author = "S. {Westerlund}",
	journal = "Physica Scripta",
	pages = "174--179",
	title = "{Dead Matter Has Memory!}",
	volume = "43",
	year = "1991"
}

@Article{ ingman01,
	author = "D. {Ingman} and J. {Suzdalnitsky}",
	journal = "Computer Methods in Applied Mechanics and Engineering",
	pages = "5027--5036",
	title = "{Iteration Method for Equation of Viscoelastic Motion with Fractional Differential Operator of Damping}",
	volume = "190",
	year = "2001"
}

@Article{ fliess97,
	author = "M. {Fliess} and R. {Hotzel}",
	journal = "C.R. Acad. Sci. Paris",
	number = "II",
	pages = "99--105",
	title = "{Sur les Syst{\`e}mes Lin{\'e}aires {\`a} D{\'e}rivation Non Enti{\`e}re}",
	volume = "324",
	year = "1997"
}

@Article{ kamath92,
	author = "S. G. {Kamath}",
	journal = "Journal of Mathematical Physics",
	month = "March",
	number = "3",
	pages = "934--940",
	title = "{Relativistic Tautochrone}",
	volume = "33",
	year = "1992"
}

@Article{ westerlund94,
	author = "S. {Westerlund} and L. {Ekstam}",
	journal = "IEEE Transactions on Dielectrics and Electrical Insulation",
	month = "October",
	number = "5",
	pages = "826--839",
	title = "{Capacitor Theory}",
	volume = "1",
	year = "1994"
}

@Article{ hwang_hsu,
	author = "J. S. {Hwang} and T. Y. {Hsu}",
	journal = "Engineering Structures",
	pages = "484--490",
	title = "{A Fractional Derivative Model to Include Effect of Ambient Temperature on HDR Bearings}",
	volume = "23",
	year = "2001"
}

@Article{ westerlund_causality,
	author = "S. {Westerlund}",
	journal = "Physical Review B",
	note = "Rejected",
	title = "{On Causality}",
	year = "1994"
}

@Article{ petras01,
	author = "I. {Petr{\'a}\v{s}} and L. {Dor\v{c}{\'a}k}",
	journal = "Journal of Electrical Engineering",
	number = "9-10",
	pages = "284--288",
	title = "{Fractional-Order Control Systems}",
	volume = "50",
	year = "1999"
}

@Article{ lazarevic,
	author = "M. P. {Lazarevi{\'c}}",
	title = "{$D^\alpha$-Type Iterative Learning Control for Fractional LTI System}"
}

@InProceedings{ moreau98,
	address = "Seville, Spain",
	author = "X. {Moreau} and A. {Oustaloup} and M. {Nouillant}",
	booktitle = "{IFAC Workshop on Intelligent Components for Vehicles}",
	month = "March",
	pages = "405--409",
	title = "{Sky Hook and Crone Suspensions: A Comparison}",
	year = "1998"
}

@Article{ pommier02,
	author = "V. {Pommier} and J. {Sabatier} and P. {Lanusse} and A. {Oustaloup}",
	journal = "Control Engineering Practice",
	pages = "391--402",
	title = "{Crone Control of a Nonlinear Hydraulic Actuator}",
	volume = "10",
	year = "2002"
}

@InProceedings{ dorcak,
	address = "Krynica, Poland",
	author = "L. {Dor\v{c}{\'a}k} and I. {Petr{\'a}\v{s}}and I. {Ko\v{s}tial} and J. {Terp{\'a}k}",
	booktitle = "{Proceedings of the ICCC'2001}",
	month = "May 22-25",
	pages = "15--20",
	title = "{State-Space Controller Design for the Fractional-Order Regulated System}",
	year = "2001"
}

@Article{ petras,
	author = "I. {Petr{\'a}\v{s}}",
	journal = "Journal of Electrical Engineering",
	number = "9-10",
	pages = "284--288",
	title = "{The Fractional-Order Controllers: Methods for Their Synthesis and Application}",
	volume = "50",
	year = "1999"
}

@InProceedings{ petras00,
	address = "High Tatras, Slovak Republic",
	author = "I. {Petr{\'a}\v{s}}",
	booktitle = "{Proceedings of International Carpathian Control Conference}",
	month = "May 23-26",
	pages = "471--474",
	title = "{Feedback Control of Chaotic Fractional-Order Chua's System}",
	year = "2000"
}

@InProceedings{ petras_podlubny,
	address = "Krynica, Poland",
	author = "I. {Petr{\'a}\v{s}} and I. {Podlubny} and P. {O'Leary} and L. {Dor\v{c}{\'a}k}",
	booktitle = "{Proceedings of the ICCC'2001}",
	month = "May 22-25",
	pages = "9--14",
	title = "{Analogue Fractional-Order Controllers: Realization, Tuning and Implementation}",
	year = "2001"
}

@Article{ petras99,
	author = "I. {Petr{\'a}\v{s}} and L. {Dor\v{c}{\'a}k}",
	journal = "SACTA",
	number = "1-2",
	pages = "75--85",
	title = "{The Frequency Method for Stability Investigation of Fractional Control Systems}",
	volume = "2",
	year = "1999"
}

@InProceedings{ petras_dorcak,
	address = "High Tatras, Slovak Republic",
	author = "I. {Petr{\'a}\v{s}} and L. {Dor\v{c}{\'a}k} and I. {Ko\v{s}tial}",
	booktitle = "{Proceedings of the ICCC'2000}",
	month = "May 23-26",
	pages = "257--260",
	title = "{The Modelling and Analysis of Fractional-Order Control Systems in Discrete Domain}",
	year = "2000"
}

@InProceedings{ dorcak00,
	address = "High Tatras, Slovak Republic",
	author = "L. {Dor\v{c}{\'a}k} and I. {Petr{\'a}\v{s}} and I. {Ko\v{s}tial}",
	booktitle = "{Proceedings of the ICCC'2000}",
	month = "May 23-26",
	pages = "185--188",
	title = "{Modelling and Analysis of Fractional-Order Regulated Systems in the State Space}",
	year = "2000"
}

@InProceedings{ lay98,
	address = "Nantes, France",
	author = "L. {Le Lay} and A. {Oustaloup} and J. C. {Trigeassou} and F. {Levron}",
	booktitle = "{Preprints of the IFAC Conference on System Structure and Control}",
	month = "July 8-10",
	pages = "297--302",
	title = "{Frequency Identification by Non Integer Model}",
	year = "1998"
}

@Article{ fujii91,
	author = "H. {Fujii} and K. {Matsuda} and T. {Ohtsuka}",
	journal = "Advances in the Astronautical Sciences",
	pages = "379--394",
	title = "{$H\_\infty$ Optimized Broadband Compensator for Wave-Absorbing Control}",
	volume = "76",
	year = "1991"
}

@Article{ hironori96,
	author = "H. A. {Hironori} and K. {Nakajima} and K. {Matsuda}",
	journal = "Journal of Guidance, Control and Dynamics",
	number = "3",
	pages = "578--583",
	title = "{Wave Approach for Control of Orientation and Vibration of a Flexible Structure}",
	volume = "19",
	year = "1996"
}

@Article{ matsuda1,
	author = "K. {Matsuda} and H. {Fujii}",
	journal = "Journal of Guidance, Control and Dynamics",
	month = "November-December",
	number = "6",
	pages = "1146--1153",
	title = "{$H\_\infty$ Optimized Wave-Absorbing Control: Analytical and Experimental Results}",
	volume = "16",
	year = "1993"
}

@InProceedings{ valerio,
	address = "Porto, Portugal",
	author = "D. {Valerio}",
	booktitle = "{ECC'2001}",
	pages = "25--28",
	title = "{Non-Integer Order Robust Control: An Application}",
	year = "2001"
}

@InProceedings{ tenreiro98,
	address = "San Diego, California, Usa",
	author = "J. A. {Tenreiro} and A. {Azenha}",
	booktitle = "{Proceedings of the SMC'98 Conference}",
	month = "October 11-14",
	pages = "788--793",
	title = "{Fractional-Order Hybrid Control of Robot Manipulators}",
	year = "1998"
}

@Article{ mbodje95,
	author = "B. {Mbodje} and G. {Montseny}",
	journal = "IEEE Transactions on Automatic Control",
	month = "February",
	number = "2",
	pages = "378--382",
	title = "{Boundary Fractional Derivative Control of the Wave Equation}",
	volume = "40",
	year = "1995"
}

@Article{ athena94,
	author = "A. {Makroglou} and R. K. {Miller}",
	journal = "Journal of Guidance, Control and Dynamics",
	month = "January-February",
	number = "1",
	pages = "84--90",
	title = "{Computational Results for a Feedback Control for a Rotating Viscoelastic Beam}",
	volume = "17",
	year = "1994"
}

@Article{ bagley,
	author = "R. L. {Bagley} and R. A. {Calico}",
	journal = "Journal of Guidance, Control and Dynamics",
	month = "March-April",
	number = "2",
	pages = "304--311",
	title = "{Fractional Order State Equations for the Control of Viscoelastically Damped Structures}",
	volume = "14",
	year = "1991"
}

@InProceedings{ sykorova96,
	address = "Horn{\'i} Becva, Czech Republic",
	author = "L. {S{\'y}korov{\'a}} and I. {Ko\v{s}tial} and L. {Dar\v{c}{\'a}k}",
	booktitle = "{Proceedings of the 2nd Scientific-Technical Conference on Process Control}",
	month = "June 3-6",
	pages = "347--351",
	title = "{A Comparison of Integer and Fractional-Order PID Regulators}",
	year = "1996"
}

@Book{ podlubny3,
	address = "Kosice, Slovak Republic",
	author = "I. {Podlubny}",
	month = "November",
	publisher = "Slovak Academy of Sciences",
	title = "{Fractional-Order Systems and Fractional-Order Controllers}",
	year = "1994"
}

@InProceedings{ matignon3,
	address = "Lille, France",
	author = "D. {Matignon}",
	booktitle = "{IEEE Computational Engineering in Systems and Application Multiconference}",
	month = "July",
	pages = "963--968",
	title = "{Stability Results for Fractional Differential Equations with Applications to Control Processing}",
	year = "1996"
}

@InProceedings{ montseny1,
	address = "San Diego, California",
	author = "G. {Montseny} and J. {Audounet} and D. {Matignon}",
	booktitle = "{Proceedings of the IEEE Conference on Decision and Control}",
	month = "December",
	pages = "4973--4978",
	title = "{Fractional Integrodifferential Boundary Control of the Euler-Benoulli Beam}",
	year = "1997"
}

@InProceedings{ matignon2,
	address = "Lille, France",
	author = "D. {Matignon} and B. {D'Andr{\'e}a-Novel}",
	booktitle = "{IEEE Computational Engineering in Systems and Application Multiconference}",
	month = "July",
	pages = "952--956",
	title = "{Some Results on Controllability and Observability of Finite-Dimensional Fractional Differential Systems}",
	year = "1996"
}

@InProceedings{ matignon5,
	address = "Saint Louis, Missouri",
	author = "D. {Matignon}",
	booktitle = "{Mathematical Theory of Networks and Systems Symposium}",
	month = "June",
	title = "{Fractional Modal Decomposition of a Coundary-Controlled-and-Observed Infinite-Dimensional Linear System}",
	year = "1996"
}

@InProceedings{ dorcak_prokop,
	address = "Kosice, Slovak Republic",
	author = "l. {Dor\v{c}{\'a}k} and J. {Prokop} and I. {Ko\v{s}tial}",
	booktitle = "{Proceedings of the 11th International Conference on Process Control and Simulation}",
	month = "September 19-20",
	pages = "58--66",
	title = "{Investigation of the Properties of Fractional-Order Dynamical Systems}",
	year = "1994"
}

@Article{ skaar88,
	author = "S. B. {Skaar} and A. N. {Michel} and R. K. {Miller}",
	journal = "IEEE Transactions on Automatic Control",
	month = "April",
	number = "4",
	pages = "348--357",
	title = "{Stability of Viscoelastic Control Systems}",
	volume = "33",
	year = "1988"
}

@InProceedings{ oustaloup_fractal,
	address = "Paris, France",
	author = "A. {Oustaloup}",
	booktitle = "{Proceedings of 12th IMACS World Congress}",
	month = "July",
	pages = "203--208",
	title = "{From Fractality to Non Integer Derivation through Recursivity, a Property Common to these two Concepts: A Fundamental Idea from a new Process Control Strategy}",
	year = "1988"
}

@Article{ raynaud00,
	author = "H. F. {Raynaud} and A. {ZergaÃ¯noh}",
	journal = "Automatica",
	pages = "1017--1021",
	title = "{State-Space Representation for Fractional Order Controllers}",
	volume = "36",
	year = "2000"
}

@Article{ petras1,
	author = "I. {Petr{\'a}\v{s}} and L. {Dor\v{c}{\'a}k}",
	title = "{Application of the Fractional Order Controllers}"
}

@Article{ matignon_andrea,
	author = "D. {Matignon} and B. {d'Andr{\'e}a-Novel}",
	title = "{Observer-Based Controllers for Fractional Differential Systems}"
}

@InProceedings{ vinagre04,
	address = "ENSEIRB, Bordeaux, France",
	author = "B. M. {Vinagre} and C. A. {Monje} and A. J. {Calder{\'o}n} and Y. Q. {Chen} and V. {Feliu}",
	booktitle = "{First IFAC Workshop on Fractional Differentiation and Its Applications}",
	month = "July 19-21",
	pages = "150--155",
	title = "{The Fractional Integrator as a Reference Function}",
	year = "2004"
}

@TechReport{ yago99,
	author = "B. S. {Yago S{\'a}nchez}",
	institution = "Saint Louis University",
	title = "{Fractional-PID Control for Active Reduction of Vertical Tail Buffeting}",
	year = "1999"
}

@InProceedings{ chen03,
	address = "LAP-ENSEIRB, Bordeaux, France",
	author = "Y. Q. {Chen} and B. M. {Vinagre} and C. A. {Monje}",
	booktitle = {{Action Th{\`e}matique "Les Syst{\`e}mes {\`a} D{\'e}riv{\'e}es Non Enti{\`e}res"}},
	month = "March 27-28",
	title = "{Une Proposition pour la Synth{\`e}se de Correcteurs PI d'Ordre Non Entier}",
	year = "2003"
}

@InProceedings{ monje05,
	address = "Prague",
	author = "C. A. {Monje} and B. M. {Vinagre} and A. J. {Calder{\'o}n} and V. {Feliu} and Y. Q. {Chen}",
	booktitle = "{16th IFAC World Congress}",
	month = "July 4-8",
	title = "{Auto-Tuning of Fractional Lead-Lag Compensators}",
	year = "2005"
}

@InProceedings{ monje04_compen,
	address = "Vienna, Austria",
	author = "C. A. {Monje} and A. J. {Calder{\'o}n} and B. M. {Vinagre} and V. {Feliu}",
	booktitle = "{IEEE International Conference on Computational Cybernetics}",
	pages = "347--352",
	title = "{The Fractional Order Lead Compensator}",
	year = "2004"
}

@Article{ manabe_61,
	author = "S. {Manabe}",
	journal = "ETJ of Japan",
	number = "3/4",
	pages = "83--87",
	title = "{The Non-Integer Integral and its Application to Control System}",
	volume = "6",
	year = "1961"
}

@Book{ lurie_94,
	author = "B.J. {Lurie}",
	publisher = "US Patent US5371670",
	title = "{Three-Parameter Tunable Tilt-Integral-Derivative (TID) Controller}",
	year = "1994"
}

@Article{ podlubny_1999,
	author = "I. {Podlubny}",
	journal = "IEEE Trans. Automatic Control",
	number = "1",
	pages = "208--214",
	title = "{Fractional-Order Systems and $PI^{\lambda }D^{\mu }$ Controllers}",
	volume = "44",
	year = "1999"
}

@InProceedings{ matignon_96,
	author = "D. {Matignon}",
	booktitle = "{IMACS-SMC Proceedings}",
	pages = "963--968",
	title = "{Stability Results on Fractional Differential Equations with Applications to Control Proccesing}",
	year = "1996"
}

@Article{ Oustaloup_95,
	author = "A. {Oustaloup} and B. {Mathieu} and P. {Lanusse}",
	journal = "European Journal of Control",
	number = "2",
	pages = "113--121",
	title = "{The CRONE Control of Resonant Plants: Application to a Flexible Transmission}",
	volume = "1",
	year = "1995"
}

@InProceedings{ oustaloup_2000,
	address = "Anchorage, USA",
	author = "A. {Oustaloup} and P. {Melchior} and P. {Lanusse} and C. {Cois} and F. {Dancla}",
	booktitle = "{Proc. of the 11th IEEE International Symposium on Computer Aided Control System Design-CACSD}",
	month = "September",
	title = "{The CRONE Toolbox for MATLAB}",
	year = "2000"
}

@Article{ oustaloup_96,
	author = "A. {Oustaloup} and X. {Moreau} and M. {Nouillant}",
	journal = "IFAC Journal of Control Engineering Practice",
	number = "8",
	pages = "1101--1108",
	title = "{The CRONE Suspension}",
	volume = "4",
	year = "1996"
}

@Book{ miller_93,
	address = "Wiley, New York",
	author = "K.S. {Miller} and B. {Ross}",
	title = "{An Introduction to the Fractional Calculus and Fractional Differential Equations}",
	year = "1993"
}

@Article{ manabe_60,
	author = "S. {Manabe}",
	journal = "JIEE Journal",
	number = "860",
	pages = "589--597",
	title = "{The Non-Integer Integral and its Application to Control Systems}",
	volume = "80",
	year = "1960"
}

@Article{ vinagre_00,
	author = "B.M. {Vinagre} and I. {Podlubny} and A. {Hern{\'a}ndez} and V. {Feliu}",
	journal = "Fractional Calculus and Applied Analysis",
	number = "3",
	pages = "231--248",
	title = "{Some Approximations of Fractional Order Operators Used in Control Theory and Applications}",
	volume = "3",
	year = "2000"
}

@Article{ podlubny_02,
	author = "I. {Podlubny} and I. {Petr{\'a}\v{s}} and B.M. {Vinagre} and P. {O'leary} and L. {Dor\v{c}{\'a}k}",
	journal = "Nonlinear Dynamics",
	month = "July",
	number = "1-4",
	pages = "281--296",
	title = "{Analogue Realizations of Fractional-Order Controllers}",
	volume = "29",
	year = "2002"
}

@Unpublished{ chen_03,
	author = "Y.Q. {Chen} and B.M. {Vinagre}",
	month = "September 2-6",
	note = "Submitted to The First Symposium on Fractional Derivatives and Their Applications at The 19th Biennial Conference on Mechanical Vibration and Noise, ASME International Design Engineering Technical Conferences and Computers and Information in Engineering Conference, Chicago, Illinois",
	title = "{A New Discretization Method for Fractional Order Differentiators Via Continued Fraction Expansion}",
	year = "2003 (invited paper)"
}

@Article{ vinagre_02,
	author = "B.M. {Vinagre} and Y.Q. {Chen}",
	journal = "The 41st IEEE Conference on Decision and Control 2002 Tutorial Workshop \#2 (310 pages)",
	month = "December",
	note = "http://mechatronics.ece.usu.edu/foc/cc02tw/cdrom/lectures/book.pdf",
	title = "{Lecture Note on Fractional Calculus Applications in Automatic Control and Robotics}",
	year = "2002"
}

@InProceedings{ yamamoto_91,
	author = "S. {Yamamoto} and I. {Hashimoto}",
	booktitle = "{Proceedings of the Fourth International Conference on Chemical Process Control}",
	editor = "Arkun and Ray",
	organization = "Chemical Process Control-CPCIV",
	title = "{Recent Status and Future Needs: The View from Japanese Industry}",
	year = "Texas, 1991"
}

@Article{ bialkowski_93,
	author = "W.L. {Bialkowski}",
	journal = "Pulp and Paper Canada",
	number = "11",
	title = "{Dreams Versus Reality: A View from both Sides of the Gap}",
	volume = "94",
	year = "1993"
}

@Book{ zhou_98,
	author = "Kemin {Zhou}",
	editor = "Englewood Cliffs",
	publisher = "Prentice Hall",
	title = "{Essential of Robust Control}",
	year = "1998"
}

@Article{ keel_97,
	author = "I.H. {Keel} and S. {Phattacharyya}",
	journal = "IEEE Trans. on Automatic Control",
	pages = "1098--1105",
	title = "{Robust, Fragile, or Optimal?}",
	volume = "42",
	year = "1997"
}

@InProceedings{ caponetto04,
	address = "ENSEIRB, Bordeaux, France",
	author = "R. Caponetto and L. Fortuna and D. Porto",
	booktitle = "{First IFAC Workshop on Fractional Differentiation and Its Application}",
	pages = "168--173",
	title = "{A New Tuning Strategy for a Non Integer Order PID Controller}",
	year = "2004"
}

@Article{ barbosa04a,
	author = "R. {Barbosa} and J. A. {Tenreiro} and I. M. {Ferreira}",
	journal = "Nonlinear Dynamics",
	pages = "305--321",
	title = "{Tuning of PID Controllers based on Bode's Ideal Transfer Function}",
	volume = "38",
	year = "2004"
}

@Article{ barbosa04b,
	author = "R. {Barbosa} and J.A. {Tenreiro} and I.M. {Ferreira}",
	journal = "Fractional Calculus and Applied Analysis",
	number = "2",
	pages = "119--134",
	title = "{PID Controller Tuning Using Fractional Calculus Concepts}",
	volume = "7",
	year = "2004"
}

@InProceedings{ malti02,
	address = "Chicago, USA",
	author = "R. {Malti} and M. {Aoun} and O. {Cois} and A. {Oustaloup} and F. {Levron}",
	booktitle = "{ASME 2003 Design Engineering Technical Conferences and Computers and Information in Engineering Conference}",
	title = "{${H\_{2}$} {Norm of Fractional Differential Systems}}",
	year = "2003"
}

@Article{ petras02,
	author = "I. {Petr{\'a}\v{s}} and M. {Hypiusova}",
	journal = "Selected Topics in Modelling and Control",
	pages = "50--54",
	title = "{Design of Fractional-Order Controllers via ${H\_{\infty}}$ {Norm Minimisation}}",
	volume = "3",
	year = "2002"
}

@InProceedings{ valerio01,
	address = "Porto",
	author = "D. {Val{\'e}rio}",
	booktitle = "{Student Forum}",
	pages = "25--28",
	title = "{Fractional Order Robust Control: An Application}",
	year = "2001"
}

@InProceedings{ lanusse03,
	address = "Coimbra, Portugal",
	author = "P. {Lanusse} and T. {Poinot} and O. {Cois} and A. {Oustaloup} and J.C. {Trigeassou}",
	booktitle = "{11th International Conference on Advanced Robotics}",
	pages = "258--263",
	title = "{Tuning of an Active Suspension System Using a Fractional Controller and a Closed-Loop Tuning}",
	year = "2003"
}

@InProceedings{ pommier03,
	address = "Cambridge, UK",
	author = "V. {Pommier} and R. {Musset} and P. {Lanusse} and A. {Oustaloup}",
	booktitle = "{ECC 2003: European Control Conference 2003}",
	month = "September 1-4",
	title = "{Study of Two Robust Control for an Hydraulic Actuator}",
	year = "2003"
}

@InProceedings{ machado98,
	address = "San Diego, California, USA",
	author = "J. A. {Tenreiro} and A. {Azenha}",
	booktitle = "{1998 IEEE International Conference on Systems, Man and Cybernetics: Intelligent Systems for Humans in a Cyberworld}",
	pages = "788--793",
	title = "{Fractional-Order Hybrid Control of Robot Manipulators}",
	year = "1998"
}

@InProceedings{ ferreira03,
	address = "Coimbra, Portugal",
	author = "N. M. {Fonseca} and J. A. {Tenreiro}",
	booktitle = "{11th International Conference on Advanced Robotics}",
	pages = "393--398",
	title = "{Fractional-Order Hybrid Control of Robotic Manipulators}",
	year = "2003"
}

@InProceedings{ vinagre01,
	address = "Porto, Portugal",
	author = "B. M. {Vinagre} and I. {Petr{\'a}\v{s}} and P. {Merch{\'a}n} and L. {Dor\v{c}{\'a}k}",
	booktitle = "{ECC 2001: European Control Conference 2001}",
	pages = "1764--1767",
	title = "{Two Digital Realizations of Fractional Controllers: Application to Temperature Control of a Solid}",
	year = "2001"
}

@Article{ petras02b,
	author = "I. {Petr{\'a}\v{s}} and B. M. {Vinagre}",
	journal = "Acta Montanistica Slovaca",
	number = "2",
	pages = "131--137",
	title = "{Practical Application of Digital Fractional-Order Controller to Temperature Control}",
	volume = "7",
	year = "2002"
}

@InProceedings{ petras02c,
	address = "Malenovice, Czech Republic",
	author = "I. {Petr{\'a}\v{s}} and B. M. {Vinagre} and L. {Dor\v{c}{\'a}k} and V. {Feliu}",
	booktitle = "{International Carpathian Control Conference}",
	pages = "365--370",
	title = "{Fractional Digital Control of a Heat Solid: Experimental Results}",
	year = "2002"
}

@InProceedings{ sabatier03,
	address = "Universit{\'e} Paul Sabatier, Toulouse, France",
	author = "J. {Sabatier} and P. {Melchior} and A. {Oustaloup}",
	booktitle = "{Colloque sur l'Enseignement des Technologies et des Sciences de l'Information et des Syst{\`e}mes}",
	pages = "361--364",
	title = "{R{\'e}alisation d'un Banc d'Essais Thermique pour l'Enseignement des Syst{\`e}mes Non Entier}",
	year = "2003"
}

@PhDThesis{ valerio_phd,
	author = "D. {Val{\'e}rio}",
	school = "Instituto Superior T{\'e}cnico, Universidade T{\'e}cnica de Lisboa",
	title = "{Fractional Robust System Control}",
	year = "2005"
}

@Article{ bvinagre2002,
	author = "B. M. Vinagre and I. Petr{\'a}s and I. Podlubny and Y. Q. Chen",
	journal = "Nonlinear Dynamics",
	number = "29",
	pages = "269--279",
	title = "{Using Fractional Order Adjustment Rules and Fractional Order Reference Models in Model-Reference Adaptative Control}",
	year = "2002"
}

@Article{ ipodlubny2002,
	author = "I. Podlubny and I. Petr{\'a}s and B. M. Vinagre and O. O'Leary and L. Dorcak",
	journal = "Nonlinear Dynamics",
	number = "29",
	pages = "281--296",
	title = "{Analogue Realizations of Fractional-Order Controllers}",
	year = "2002"
}

@InProceedings{ chen2003,
	author = "YangQuan Chen and Blas M. Vinagre",
	booktitle = "{Proceedings of Design Engineering Technical Conferences}",
	month = "September",
	title = "{On Fractional Order Disturbance Observer}",
	year = "20003"
}

@InProceedings{ caponetto02,
	address = "Notre Dame, Indiana",
	author = "R. {Caponetto} and L. {Fortuna} and D. {Porto}",
	booktitle = "{15th International Symposium on Mathematical Theory of Networks and Systems}",
	month = "August 12-16",
	title = "{Parameter Tuning of a Non Integer Order PID Controller}",
	year = "2002"
}

@Article{ leu,
	author = "J. F. Leu and S. Y. Tsay and C. Hwang",
	journal = "Journal of the Chinese Institute of Chemical Engineers",
	number = "2",
	pages = "193--202",
	title = "{Design of Optimal Fractional-Order PID Controllers}",
	volume = "33",
	year = "2002"
}

@InProceedings{ calderon02,
	address = "Aveiro, Portugal",
	author = "A. J. Calder{\'o}n and C. A. Monje and B. M. Vinagre",
	booktitle = "{CONTROLO 2002: 5th Portuguese Conference on Automatic Control}",
	month = "September",
	pages = "365--370",
	title = "{Fractional Order Control of a Power Electronic Buck Converter}",
	year = "2002"
}

@InProceedings{ monje02,
	address = "Aveiro, Portugal",
	author = "C. A. Monje and A. J. Calder{\'o}n and B. M. Vinagre",
	booktitle = "{CONTROLO 2002: 5th Portuguese Conference on Automatic Control}",
	month = "September",
	pages = "359--364",
	title = "{PI vs Fractional DI Control: First Results}",
	year = "2002"
}

@Book{ oustaloup91,
	address = "Paris",
	author = "A. Oustaloup",
	publisher = "Hermes",
	title = "{La Commade CRONE: Commande Robuste d'Ordre Non Entier}",
	year = "1991"
}

@InProceedings{ calderon03,
	address = "Coimbra, Portugal",
	author = "A. J. Calder{\'o}n and B. M. Vinagre and V. Feliu",
	booktitle = "{ICAR 2003: The 11th International Conference on Advanced Robotics}",
	month = "June 30-July 3",
	pages = "252--257",
	title = "{Fractional Sliding Mode Control of a DC-DC Buck Converter with Application to DC Motor Drives}",
	year = "2003"
}

@PhDThesis{ calderon_phd,
	address = "Universidad de Extremadura, Badajoz, Spain",
	author = "A. J. Calder{\'o}n",
	school = "Escuela de Ingenier{\'i}as Industriales",
	title = "{Control Fraccionario de Convertidores Electr{\'o}nicos de Potencia tipo Buck}",
	year = "2003"
}

@InProceedings{ calderon_ecc,
	address = "Cambridge, UK",
	author = "A. J. {Calder{\'o}n} and B. M. {Vinagre} and V. {Feliu}",
	booktitle = "{ECC 2003: European Control Conference 2003}",
	month = "September 1-4",
	title = "{Linear Fractional Order Control of a DC-DC Buck Converter}",
	year = "2003"
}

@InProceedings{ vinagre00,
	address = "Terrasa, Spain",
	author = "B.M. {Vinagre} and I. {Podlubny} and L. {Dor\v{c}{\'a}k} and V. {Feliu}",
	booktitle = "{IFAC Workshop on Digital Control. Past, Present and Future of PID Control}",
	month = "April",
	pages = "53--58",
	title = "{On Fractional PID Controllers: A Frequency Domain Approach}",
	year = "2000"
}

@InProceedings{ vinagre_cdc02,
	address = "Las Vegas",
	author = "B. M. Vinagre and C. A. Monje and A. J. Calder{\'o}n",
	booktitle = "{41st Conference on Decision and Control. Tutorial Workshop 2: Fractional Calculus Applications in Automatic Control and Robotics}",
	month = "December",
	title = "{Fractional Order Systems and Fractional Order Control Actions}",
	year = "2002"
}

@PhDThesis{ vinagre_phd,
	address = "Madrid, Spain",
	author = "B. M. Vinagre",
	school = "UNED",
	title = "{Modelado y Control de Sistemas Din{\'a}micos Caracterizados por Ecuaciones {\'I}ntegro-Diferenciales de Orden Fraccional}",
	year = "2001"
}

@Article{ oustaloup99,
	author = "A. {Oustaloup} and J. {Sabatier} and P. {Lanusse}",
	journal = "Fractional Calculus and Applied Analysis: An International Journal for Theory and Applications",
	number = "1",
	pages = "1--30",
	title = "{From Fractal Robustness to the CRONE Control}",
	volume = "2",
	year = "1999"
}

@Book{ oustaloup99bis,
	address = "Paris",
	author = "A. {Oustaloup} and B. {Mathieu}",
	publisher = "Herm{\`e}s",
	title = "{La Commande CRONE: du Scalaire au Multivariable}",
	year = "1999"
}

@Article{ oustaloup00,
	author = "A. {Oustaloup} and F. {Levron} and F. {Nanot} and B. {Mathieu}",
	journal = "IEEE Transactions on Circuits and Systems",
	number = "1",
	pages = "25--40",
	title = "{Frequency-band Complex Non Integer Differentiator: Characterization and Synthesis}",
	volume = "47",
	year = "2000"
}

@InProceedings{ calderon04,
	address = "Ciudad Real, Spain",
	author = "A. J. {C}alder{\'o}n and C. A. {M}onje and B. M. {V}inagre and V. {F}eliu",
	booktitle = "{XXV Jornadas de Autom{\'a}tica}",
	title = "{Implementaci{\'o}n de Controladores de Orden Fraccionario mediante Aut{\'o}matas Programables}",
	year = "2004"
}

@Book{ dixon75,
	address = "New York",
	author = {L.C.W. {Dixon} and G.P. {Szeg{\"o}}},
	publisher = "Elsevier",
	title = "{Towards Global Optimization}",
	year = "1975"
}

@Book{ pinter96,
	address = "Dordrecht, The Netherlands",
	author = "J.D. {Pint{\'e}r}",
	publisher = "Kluwer Academic Publishers",
	title = "{Global Optimization in Action}",
	year = "1996"
}

@InProceedings{ neumaier05,
	address = "UK",
	author = "A. {Neumaier}",
	booktitle = "{Acta Numerica 2004}",
	editor = "A. Iserles",
	pages = "271--369",
	publisher = "Cambridge University Press",
	title = "{Complete Search in Continuous Global Optimization and Constraint Satisfaction}",
	year = "2004"
}

@Manual{ fmincon,
	address = "The MathWorks, Inc.",
	title = "{Matlab Optimization Toolbox, Version 2.1. User's Guide}",
	year = "2000"
}

@Manual{ invfreqs,
	address = "The MathWorks, Inc.",
	title = "{Matlab Signal Processing Toolbox. User's Guide}",
	year = "2000"
}

@Manual{ c2d,
	address = "The MathWorks, Inc.",
	title = "{Matlab Control System Toolbox, Version 5.0. User's Guide}",
	year = "2000"
}

@Book{ horowitz93,
	address = "Boulder, Colorado, USA",
	author = "I. {Horowitz}",
	publisher = "QFT Press",
	title = "{Quantitative Feedback Design Theory - QFT (Vol.1)}",
	year = "1993"
}

@Book{ taylor_96,
	author = "G. B. {Thomas} and R. L. {Finney}",
	edition = "9th",
	publisher = "Addison Wesley",
	title = "{Calculus and Analytic Geometry}",
	year = "1996"
}

@Book{ ogata02,
	author = "K. {Ogata}",
	edition = "Fourth",
	publisher = "Prentice Hall",
	title = "{Modern Control Engineering}",
	year = "2002"
}

@Book{ ozbay99,
	author = {H. {{\"O}zbay}},
	publisher = "CRC Press",
	title = "{Introduction to Feedback Control Theory}",
	year = "1999"
}

@Book{ valkenburg82,
	author = "M. E. {Van Valkenburg}",
	publisher = "HRW",
	title = "{Analog Filter Design}",
	year = "1982"
}

@InProceedings{ bode01,
	author = "H. W. {Bode}",
	booktitle = "{Control Theory: Twenty-Five Seminal Papers (1932-1981)}",
	editor = "T. Basar",
	pages = "47--80",
	publisher = "IEEE Press",
	title = "{Relations Between Attenuation and Phase in Feedback Amplifier Design}",
	year = "2001"
}

@Book{ bode45,
	author = "H. W. {Bode}",
	publisher = "Van Nostrand",
	title = "{Network Analysis and Feedback Amplifier Design}",
	year = "1945"
}

@InProceedings{ tustin58,
	author = "A. {Tustin} and J. T. {Allanson} and J. M. {Layton} and R. J. {Jakeways}",
	booktitle = "{The Proceedings of the IEEE, Vol. 105, Part C, Sup. no. 1}",
	pages = "1--57",
	title = "{The Design of Systems for Autonomous Control of the Position of Massive Objects}",
	year = "1958"
}

@Article{ astrom99,
	author = {K. J. {{\AA}str{\"o}m}},
	journal = "Preprint Available at http://www.control.lth.se/\symbol{126}kja",
	title = "{Limitations on Control Systems Performance}",
	url = "http://www.control.lth.se/\symbol(126)kja",
	year = "1999"
}

@Book{ podlubny99,
	author = "I. {Podlubny}",
	publisher = "Academic Press",
	title = "{Fractional Differential Equations}",
	year = "1999"
}

@Article{ gorenflo,
	author = "R. {Gorenflo} and F. {Mainardi}",
	journal = "Mathematik Serie A, Preprint No.A-14/96",
	title = "{Fractional Oscillations and Mittag-Leffler Functions}",
	year = "1996"
}

@InProceedings{ barbosa03,
	address = "Chicago, Illinois, USA",
	author = "R. S. {Barbosa} and J. A. {Tenreiro} and I. M. {Ferreira}",
	booktitle = "{Proceedings of the ASME International 19th Biennal Conference on Mechanical Vibration and Noise}",
	month = "September",
	title = "{A Fractional Calculus Perspective of PID Tuning}",
	year = "2003"
}

@InProceedings{ bohannan02,
	address = "Las Vegas, USA",
	author = "G. W. {Bohannan}",
	booktitle = "{Proceedings of the 41st IEEE Conference on Decision and Control. Tutorial Workshop 2}",
	title = "{Analog Realization of a Fractional Order Control Element - Revisited}",
	year = "2002"
}

@InProceedings{ helesmat,
	address = "Nantes, France",
	author = "D. {Heleschewitz} and D. {Matignon}",
	booktitle = "{Proceedings of the IFAC Conference on System Structure and Control, vol. 2}",
	month = "July",
	pages = "243--248",
	title = "{Diffusive Realisations of Fractional Integrodifferential Operators: Structural Analysis Under Approximation}",
	year = "1998"
}

@Article{ oldham73,
	author = "K. B. {Oldham}",
	journal = "Analytical Chemistry",
	month = "January",
	number = "1",
	pages = "39--47",
	title = "{Semiintegral Electroanalysis: Analog Implementation}",
	volume = "45",
	year = "1973"
}

@Article{ wang87,
	author = "J. C. {Wang}",
	journal = "Journal of Electrochemical Society",
	month = "August",
	number = "8",
	pages = "1915--1921",
	title = "{Realizations of Generalized Warburg Impedance with RC Ladder Networks and Transmission Lines}",
	volume = "134",
	year = "1987"
}

@Article{ carlson64,
	author = "G. E. {Carlson} and C. A. {Halijak}",
	journal = "IEEE Transactions on Circuit Theory",
	month = "June",
	number = "2",
	pages = "210--214",
	title = "{Approximation of Fractional Capacitors $(1/s)^{1/n}$ by a Regular Newton Process}",
	volume = "11",
	year = "1964"
}

@Article{ carlson61,
	author = "G. E. {Carlson} and C. A. {Halijak}",
	journal = "Proceedings of the Central States Simulation Council Meeting",
	month = "May",
	number = "7",
	title = "{Simulation of the Fractional Derivative Operator $\sqrt{s}$ and the Fractional Integral Operator $1/\sqrt{s}$}",
	volume = "45",
	year = "1961"
}

@Article{ ousta_lanusse,
	author = "A. {Oustaloup} and P. {Lanusse} and F. {Levron}",
	journal = "IEEE Transactions on Automatic Control",
	month = "May",
	number = "2",
	pages = "837--841",
	title = "{Frequency Domain Synthesis of a Filter Using Vi{\`e}te Root Functions}",
	volume = "47",
	year = "2002"
}

@Article{ samavati98,
	author = "H. {Samavati} and A. {Hajimiri} and A. R. {Shahani} and G. N. {Nasserbakht} and T. H. {Lee}",
	journal = "IEEE Journal of Solid-State Circuits",
	month = "December",
	number = "12",
	pages = "2035--2041",
	title = "{Fractal Capacitors}",
	volume = "33",
	year = "1998"
}

@Article{ oldham_zoski,
	author = "K. B. {Oldham} and C. G. {Zoski}",
	journal = "Journal of Electroanalytical Chemistry",
	pages = "27--51",
	title = "{Analogue Instrumentation for Processing Polarographic Data}",
	volume = "157",
	year = "1983"
}

@Article{ charef92,
	author = "A. {Charef} and H. H. {Sun} and Y. Y. {Tsao} and B. {Onaral}",
	journal = "IEEE Transaction on Automatic Control",
	month = "September",
	number = "9",
	pages = "1465--1470",
	title = "{Fractal System as Represented by Singularity Function}",
	volume = "37",
	year = "1992"
}

@Article{ sugi99,
	author = "M. {Sugi} and Y. {Hirano} and Y. F. {Miura} K. {Saito}",
	journal = "IEEE Transactions on Fundamentals",
	month = "August",
	number = "8",
	pages = "1627--1635",
	title = "{Simulation of Fractal Immittance by Analog Circuits: An Approach to the Optimized Circuits}",
	volume = "E82-A",
	year = "1999"
}

@Article{ nakagawa92,
	author = "M. {Nakagawa} and K. {Sorimachi}",
	journal = "IEEE Transactions on Fundamentals",
	month = "December",
	number = "12",
	pages = "1814--1819",
	title = "{Basic Characteristics of a Fractance Device}",
	volume = "E75-A",
	year = "1992"
}

@Article{ liu85,
	author = "S. H. {Liu}",
	journal = "Physical Review Letters",
	month = "July",
	number = "5",
	pages = "529--532",
	title = "{Fractal Model for the ac Response of a Rough Interface}",
	volume = "55",
	year = "1985"
}

@Article{ roy76,
	author = "S. C. {Dutta} and U. {Kumar}",
	journal = "IEEE Transaction on Circuits and Systems",
	month = "January",
	number = "1",
	pages = "56--58",
	title = "{A Rational Two-Port Model of the Uniformly Distributed RC Structure}",
	volume = "CAS-23",
	year = "1976"
}

@Article{ kuo65,
	author = "F. F. {Kuo}",
	journal = "IEEE Transaction on Circuit Theory",
	month = "September",
	number = "3",
	pages = "442--444",
	title = "{The Use of Convergents in the Synthesis of Mth Root Ladder Networks}",
	volume = "12",
	year = "1965"
}

@Article{ orchard59,
	author = "H. J. {Orchard}",
	journal = "IRE Transactions on Circuit Theory",
	month = "December",
	number = "4",
	pages = "370--374",
	title = "{Network Functions with a Constant Imaginary Part}",
	volume = "6",
	year = "1959"
}

@Article{ carlson62,
	author = "G. E. {Carlson} and C. A. {Halijak}",
	journal = "IEEE Transactions on Circuits Theory",
	month = "September",
	number = "3",
	pages = "302--303",
	title = "{Approximations of Fixed Impedances}",
	volume = "9"
}

@Article{ parkin65,
	author = "R. E. {Parkin}",
	journal = "IEE Transactions on Circuit Theory",
	month = "December",
	number = "4",
	pages = "598--601",
	title = "{Approximations to the Equations Describing Distributed RC Networks}",
	volume = "12",
	year = "1965"
}

@Article{ nathan73,
	author = "A. {Nathan} and R. K.{Even}",
	journal = "IEEE Transaction on Circuit Theory",
	month = "March",
	number = "2",
	pages = "153--154",
	title = "{Distributed RC Impedances of Constant Phase}",
	volume = "20",
	year = "1973"
}

@Article{ kaplan87,
	author = "T. {Kaplan} and L. J. {Gray} and S. H. {Liu}",
	journal = "Physical Review B: Rapid Communications",
	month = "April",
	pages = "5379--5381",
	title = "{Self-Affine Fractal odel for a Metal-Electrolyte Interface}",
	volume = "35",
	year = "1987"
}

@Article{ agarwal92,
	author = "P. {Agarwald} and M. E. {Orazem} and L. H. {Garcia-Rubio}",
	journal = "Electrochemical Society",
	month = "July",
	number = "7",
	pages = "1917--1927",
	title = "{Measurement Models for Electrochemical Impedance Spectroscopy}",
	volume = "139",
	year = "1992"
}

@Article{ wing98,
	author = "O. {Wing} and Y. L. {Jiang} and Q. J. {Yu}",
	journal = "IEEE Transactions on Circuits and Systems-I: Fundamental Theory and Applications",
	month = "November",
	number = "11",
	pages = "1216--1221",
	title = "{Rational Approximation of Irrational Functions by Linear Fractional Transformations}",
	volume = "45",
	year = "1998"
}

@Article{ pilla,
	author = "A. A. {Pilla}",
	journal = "Journal of Electrochemical Society: Electrochemical Science",
	month = "April",
	number = "4",
	pages = "467--477",
	title = "{A Transient Impedance Technique for the Study of Electrode Kinetics}",
	volume = "117",
	year = "1970"
}

@Article{ sun84,
	author = "H. H. {Sun} and A. A. {Abdel}",
	journal = "IEEE Transactions on Automatic Control",
	month = "May",
	number = "5",
	pages = "441--444",
	title = "{Linear Approximation of Transfer Function with a Pole of Fractional Power }",
	volume = "AC-29",
	year = "1984"
}

@Article{ nigma86,
	author = "R. R. {Nigmatullin}",
	journal = "Phys. Stat. Sol. (b)",
	month = "1986",
	pages = "425--430",
	title = "{The Realization of the Generalized Transfer Equation in a Medium with Fractal Geometry }",
	volume = "133",
	year = "1986"
}

@Article{ roy74,
	author = "S. C. {Dutta}",
	journal = "IEE Transaction on Circuits and Systems",
	month = "September",
	number = "5",
	pages = "655--658",
	title = "{Constant Argument Immittance Realization by a Distributed RC Network}",
	volume = "CAS-21",
	year = "1974"
}

@Article{ jones70,
	author = "H. E. {Jones} and B. A. {Shenoi}",
	journal = "IEEE Transactions on Circuit Theory",
	month = "February",
	number = "1",
	pages = "125--128",
	title = "{Maximally Flat Lumped-Element Approximation to a Fractional Operator Immittance Function}",
	volume = "17",
	year = "1970"
}

@Article{ lerner63,
	author = "R. M. {Lerner}",
	journal = "IEEE Transactions on Circuit Theory",
	month = "March",
	number = "1",
	pages = "98--107",
	title = "{The design of a Constant-Angle or Power-Law Magnitude Impedance}",
	volume = "10",
	year = "1963"
}

@Article{ roy67,
	author = "S. C. {Dutta}",
	journal = "IEEE Transactions on Circuit Theory",
	month = "September",
	number = "3",
	pages = "264--274",
	title = "{On the Realization of a Constant-Argument Immittance or Fractional Operator}",
	volume = "CT-14",
	year = "1967"
}

@Article{ heuveln94,
	author = "F. H. {Van Heuveln}",
	journal = "Journal of Electrochemical Society",
	month = "December",
	number = "12",
	pages = "3423--3428",
	title = "{Analysis of Nonexponential Transient Response Due to a Constant-Phase Element}",
	volume = "141",
	year = "1994"
}

@InProceedings{ verlang94,
	address = "Czestochowa, Poland",
	author = "A. F. {Verlang} and N. A. {Maximovich}",
	booktitle = "{First International Conference on Parallel Processing and Applied Mathematics}",
	month = "September 14-16",
	title = "{Differential Equations with Fractional Derivatives in Simulation of Systems with Distributed Parameters}",
	year = "1994"
}

@Article{ steen64,
	author = "W. J. D. {Steenaart}",
	journal = "IEEE Transactions on Circuit Theory",
	month = "December",
	pages = "502--504",
	title = "{The Simulation of Coaxial Cable by a Distributed RC Homogeneous Transmission Line and the Approximate Realization of its $Z\_0$}",
	year = "1964"
}

@Article{ lubich,
	author = "C.H. {Lubich}",
	journal = "SIAM J. MATH. ANAL",
	month = "May",
	number = "3",
	pages = "704--719",
	title = "{Discretized Fractional Calculus}",
	volume = "17",
	year = "1986"
}

@Article{ gorenflo96,
	author = "Rudolf {Gorenflo}",
	journal = "CSIM Lecture Notes",
	pages = "1--13",
	title = "{Fractional Calculus: Some Numerical Methods}",
	year = "1996"
}

@Article{ piotr,
	author = "P. {Ostalczyk}",
	journal = "International Journal of Systems Science",
	number = "12",
	pages = "1551--1561",
	title = "{The Non-Integer Difference of the Discrete-Time Function and Its Application to the Control System Synthesis}",
	volume = "31",
	year = "2000"
}

@Article{ tseng,
	author = "C.C. {Tseng} and S.C. {Pei} and S.C {Hsia}",
	journal = "Signal Processing",
	pages = "151--159",
	title = "{Computation of Fractional Derivatives Using Fourier Transform and Digital FIR Differentiator}",
	volume = "80",
	year = "2000"
}

@Article{ hwang,
	author = "C. {Hwang} and J.F. {Leu} and S.Y {Tsay}",
	journal = "IEEE Transaction on Automatic Control",
	number = "4",
	pages = "625--631",
	title = "{A Note on Time-Domain Simulation of Feedback Fractional-Order Systems}",
	volume = "47",
	year = "2002"
}

@Article{ tseng01,
	author = "C.C. {Tseng}",
	journal = "IEEE Signal Processing Letters",
	month = "March",
	number = "3",
	pages = "77--79",
	title = "{Design of Fractional Order Digital FIR Differentiators}",
	volume = "8",
	year = "2001"
}

@Article{ tenreiro,
	author = "J. A. {Tenreiro}",
	journal = "Fractional Calculus $\&$ Applied Analysis",
	number = "1",
	pages = "47--66",
	title = "{Discrete-Time Fractional-Order Controllers}",
	volume = "4",
	year = "2001"
}

@Article{ tenreiro97,
	author = "J. A. {Tenreiro}",
	journal = "SAMS",
	pages = "107--122",
	title = "{Analysis and Design of Fractional-Order Digital Control Systems}",
	volume = "27",
	year = "1997"
}

@TechReport{ blank96,
	author = "L. {Blank}",
	institution = "The University of Manchester",
	title = "{Numerical Treatment of Differential Equations of Fractional Order}",
	type = "Numerical Analysis Report No. 287",
	year = "1996"
}

@Article{ diethelm97,
	author = "K. {Diethelm}",
	journal = "Electronic Transactions on Numerical Analysis",
	month = "March",
	pages = "1--6",
	title = "{An Algorithm for the Numerical Solution of Differential Equations of Fractional Order}",
	volume = "5",
	year = "1997"
}

@Article{ cuesta,
	author = "E. {Cuesta} and C. {Palencia}",
	journal = "Applied Numerical Mathematics",
	pages = "139--159",
	title = "{A Fractional Trapezoidal Rule for Integro-Differential Equations of Fractional Order in Banach Spaces}",
	volume = "45",
	year = "2003"
}

@Article{ schmidlin96,
	author = "D.J. {Schmidlin}",
	journal = "IEEE Transactions on Circuits and Systems-I: Fundamental Theory and Applications",
	number = "7",
	pages = "588--591",
	title = "{Realization of Irrational Transfer Functions}",
	volume = "43",
	year = "1996"
}

@InProceedings{ petras_greca,
	address = "Krynica, Poland",
	author = "I. {Petr{\'a}\v{s}} and S. {Greca}",
	booktitle = "{Proceedings of ICCC'2001}",
	month = "May 22-25",
	pages = "217--222",
	title = "{Digital Fractional-Order Controllers: A Possible Hardware Realization}",
	year = "2001"
}

@Article{ dauphin99,
	author = "Gabriel {Dauphin} and Denis {Matignon}",
	journal = "Journ{\'e}es doctorales d'automatique",
	note = "Nancy, France",
	title = "{Premiers Resultats sur les Representations Diffusives a Temps Discret et Application aux Filtres Arfima}",
	year = "1999"
}

@InProceedings{ tenreiro_machado,
	address = "Portoroz, Slovenia",
	author = "J. A. {Tenreiro}",
	booktitle = "{4th IEEE International Conference on Intelligent Engineering Systems}",
	month = "September 17-19",
	pages = "181--184",
	title = "{Discrete-Time Fractional-Order Controllers}",
	year = "2000"
}

@InProceedings{ valerio02,
	address = "Aveiro, Portugal",
	author = "Duarte {Val{\'e}rio} and Jos{\'e} {S{\'a} da Costa}",
	booktitle = "{Controlo 2002: 5th Portuguese Conference on Automatic Control}",
	month = "September 5-7",
	pages = "353--358",
	title = "{Time-Domain Implementations of Non-Integer Order Controllers}",
	year = "2002"
}

@InProceedings{ diethelm99,
	address = {G{\"o}ttingen},
	author = "Kai {Diethelm} and Alan {D. Freed}",
	booktitle = {{Forschung und wissenschaftliches Rechnen: Beitr{\"a}ge zum Heinz-Billing-Preis 1998}},
	editor = "S. Heinzel and T. Plesser",
	pages = "57--71",
	title = "{The FracPECE Subroutine for Numerical Solution of Differential Equations of Fractional Order}",
	year = "1999"
}

@Article{ diethelm_ford,
	author = "Kai {Diethelm} and Neville {J. Ford}",
	journal = "Journal of Mathematical Analysis and Applications",
	pages = "229--248",
	title = "{Analysis of Fractional Differential Equations}",
	volume = "265",
	year = "2002"
}

@Article{ vinagre03,
	author = "B. M. {Vinagre} and Y. Q. {Chen} and I. {Petr{\'a}\v{s}}",
	journal = "Journal of the Franklin Institute",
	pages = "349--362",
	title = "{Two Direct Discretization Methods for the Fractional Differentiator/Integrator}",
	volume = "340",
	year = "2003"
}

@TechReport{ lab_report01,
	author = "Dirk Becker",
	institution = "University of East London",
	month = "April",
	title = "{Proportional {C}ontrol of a {L}iquid {L}evel {C}ontrol}",
	year = "1999"
}

@TechReport{ lab_report02,
	author = "Dirk Becker",
	institution = "University of East London",
	month = "May",
	title = "{Real {W}ater {T}ank}",
	year = "1999"
}

@Unpublished{ ballen,
	author = "Javier Ball{\'e}n and Marcela Gonz{\'a}lez and Alexander Rojas",
	title = "{Sistema de {C}ontrol {A}n{\'a}logo de {F}lujo y {N}ivel de {L}{\'i}quido}"
}

@Unpublished{ dogan,
	author = "Dogan Ibrahim",
	title = "{Design of a {L}ow {C}ost {E}ducational {L}iquid {L}evel {C}ontrol {K}it}"
}

@TechReport{ palazoglu,
	author = "Ahmet Palazoglu",
	institution = "ECH 157L Process Control Laboratory",
	title = "{Liquid {L}evel {C}ontrol}",
	year = "2002"
}

@InProceedings{ sergej,
	address = "Instituto Tecnol{\'o}gico de Chihuahua",
	author = "Celikovsky Sergej and J. Ruiz Le{\'o}n and A. J. Sapiens and J. A. Torres",
	booktitle = "{Electro 2001}",
	pages = "159--164",
	title = "{Nonlinear {T}echniques for the {R}eal-{T}ime {C}ontrol of the {W}ater {S}toring {P}lant}",
	year = "2001"
}

@Article{ malmborg,
	author = {J{\"o}rgen Malmborg and Johan Eker},
	journal = "6th Conference on Control Application",
	month = "October",
	pages = "1--6",
	title = "{Hybrid {C}ontrol of a {D}ouble {T}ank {S}ystem}",
	year = "1997"
}

@Unpublished{ gatzke,
	author = "Edward P. Gatzke and Edward S. Meadows and Chung Wang and Francis J. Doyle III",
	title = "{Model {B}ased {C}ontrol of a {F}our-{T}ank {S}ystem}"
}

@Article{ johansson,
	author = "Karl Henrik Johansson",
	journal = "IEEE Transactions on Control Systems Technology",
	month = "May",
	number = "3",
	pages = "456--465",
	title = "{The {Q}uadruple-{T}ank {P}rocess: {A} {M}ultivariable {L}aboratory {P}rocess with an {A}djustable {Z}ero}",
	volume = "8",
	year = "2000"
}

@Unpublished{ vadigepalli,
	author = "Rajanikanth Vadigepalli and Edward P. Gatzke and Francis J. Doyle III",
	title = "{Robust {C}ontrol of a {M}ultivariable {E}xperimental 4-{T}ank {S}ystem}"
}

@InBook{ control_handbook,
	author = "W. S. {Levine}",
	chapter = "C, Section XV",
	editor = "William S. Levine",
	pages = "1179--1191",
	publisher = "CRC Press",
	title = "{The Control Handbook}",
	year = "1996"
}

@Article{ wu01,
	author = "K. L. {Wu} and C. C. {Yu} and Y. C. {Cheng}",
	journal = "Journal of Process Control",
	pages = "311--319",
	title = "{A Two Degree of Freedom Level Control}",
	volume = "11",
	year = "2001"
}

@Article{ luyben77,
	author = "W. L. {Luyben} and P. S. {Buckley}",
	journal = "Industrial Technology",
	number = "12",
	pages = "65--68",
	title = "{A Proportional-Lag Controller}",
	volume = "24",
	year = "1977"
}

@Article{ cheung79,
	author = "T. F. {Cheung} and W. L. {Luyben}",
	journal = "ISA Transactions",
	pages = "73--77",
	title = "{A Further Study of the PL Level Controller}",
	volume = "18",
	year = "1979"
}

@Article{ chen97,
	author = "C. T. {Chen} and K. L. {Wu} and C. C. {Yu}",
	journal = "Journal of the Chinesse Institute of Industrial Engineers",
	pages = "457--464",
	title = "{A Sequential Approach to Liquid Level Control}",
	volume = "20",
	year = "1997"
}

@Article{ astrom94,
	author = {K. J. {{\AA}str{\"o}m} and C. C. {Hang} and B. C. {Lim}},
	journal = "IEEE Transaction on Automatic Control",
	pages = "343--354",
	title = "{A New Smith Predictor for Controlling a Process with an Integrator and Long Dead-Time}",
	volume = "39",
	year = "1994"
}

@Article{ matausek96,
	author = "M. R. {Matausek} and A. D. {Micic}",
	journal = "IEEE Transactions on Automatic Control",
	pages = "1199--1203",
	title = "{A Modified Smith Predictor for Controlling a Process with an Integrator and Long Dead-Time}",
	volume = "41",
	year = "96"
}

@InProceedings{ hang79,
	author = "C. C. {Hang} and F. S. {Wong}",
	booktitle = "{Instrument Society of America Conference}",
	pages = "33--34",
	title = "{Modified Smith Predictor for the Control of Process with Dead Time}",
	year = "1979"
}

@Article{ huang95,
	author = "Z. P. {Huang} and I. H. {Chuang} and W. T. {Wu}",
	journal = "Journal of the Chinesse Institute of Industrial Engineers",
	pages = "11--17",
	title = "{On-Line Robust Control of a Sampled-Data System Based on an External Loop}",
	volume = "26",
	year = "1995"
}

@InProceedings{ hwang2000,
	address = "Terrassa, Spain",
	author = "J.H. {Hwang} and S.Y. {Tsay} and C. {Hwang}",
	booktitle = "{IFAC Workshop on Digital Control}",
	month = "April",
	title = "{Tuning {PID Controllers for Minimizing ISE and Satisfying Specified Gain and Phase Margins}}",
	year = "2000"
}

@Article{ ho1998,
	author = "W.K. Ho and W. Xu",
	booktitle = "{IEEE Proceedings of Control Theory Application}",
	journal = "IEEE Proceedings on Control Theory Application",
	month = "September",
	number = "5",
	pages = "392--396",
	title = "{PID Tuning for Unstable Processes Based on Gain and Phase-Margin Specifications}",
	volume = "145",
	year = "1998"
}

@Article{ guo1999,
	author = "Q. G. {Wang} and T. H. {Lee} and H. W. {Fung} and Q. {Bi} and Y. {Zhang}",
	journal = "IEEE Transaction on Control Systems Technology",
	month = "July",
	number = "4",
	pages = "457--465",
	title = "{PID Tuning for Improved Performance}",
	volume = "7",
	year = "1999"
}

@Article{ hang1994,
	author = "C.C. Hang and W.K. Ho and L.S. Cao",
	journal = "ISA Transactions",
	pages = "147--151",
	title = "{A Comparison of Two Design Methods for PID Controllers}",
	volume = "33",
	year = "1994"
}

@Article{ ming2002,
	author = "M. {Ge} and M. S. {Chiu} and Q. G. {Wang}",
	journal = "Journal of Process Control",
	pages = "3--13",
	title = "{Robust PID Controller Design Via LMI Approach}",
	volume = "12",
	year = "2002"
}

@Article{ guillermo2002,
	author = "Guillermo J. Silva and Aniruddha Datta and S.P. Bhattacharyya",
	journal = "IEEE Transactions on Automatic Control",
	month = "February",
	number = "2",
	pages = "241--252",
	title = "{New Results on the Synthesis of PID Controllers}",
	volume = "47",
	year = "2002"
}

@Article{ shafiei1994,
	author = "Z. Shafiei and A. T. Shenton",
	journal = "Automatica",
	number = "10",
	pages = "1609--1615",
	title = "{Tuning of PID-type Controllers for Stable and Unstable Systems with Time Delay}",
	volume = "30",
	year = "1994"
}

@Article{ grassi2001,
	author = "Elena Grassi and K.S. Tsakalis and Sachi Dash and S.V. Gaikwad and Ward MacArthur and Gunter Stein",
	journal = "IEEE Transactions on Control Systems Technology",
	number = "2",
	pages = "285--294",
	title = "{Integrated System Identification and PID Controller Tuning by Frequency Loop-Shaping}",
	volume = "9",
	year = "2001"
}

@Article{ ho2001,
	author = "W.K. Ho and T.H. Lee and H.P. Han and Y. Hong",
	journal = "IEEE Transaction on Control Systems Technology",
	number = "3",
	pages = "535--541",
	title = "{Self-Tuning IMC-PID Control with Interval Gain and Phase Margins Assignment}",
	volume = "9",
	year = "2001"
}

@InProceedings{ derek1999,
	author = "Derek P. Atherton and S. Majhi",
	booktitle = "{Proceedings of the American Control Conference}",
	journal = "Proceedin",
	pages = "3843--3847",
	title = "{Limitations of PID Controllers}",
	year = "1999"
}

@Article{ khuen1997,
	author = "Weng Khuen Ho and Chang Chieh Hang and Junhong Zhou",
	journal = "IEEE Transactions on Control Systems Technology",
	number = "4",
	pages = "446--452",
	title = "{Selt-Tuning PID Control of a Plant with Under-Damped Response with Specifications on Gain and Phase Margins}",
	volume = "5",
	year = "1997"
}

@Unpublished{ tan,
	author = "K. K. Tan and S. Huang and R. Ferdous",
	title = "{Robust Self-Tuning PID Controller for Nonlinear Systems}"
}

@InProceedings{ chentuning,
	address = "Maui, Hawaii, USA",
	author = "Y. Q. Chen and C. H. Hu and K. L. Moore",
	booktitle = "{42nd IEEE Conference on Decision and Control}",
	month = "December 9-12",
	title = "{Relay Feedback Tuning of Robust PID Controllers with Iso-Damping Property}",
	year = "2003"
}

@Book{ chenlibro,
	author = {Dingy{\"u} Xue and YangQuan Chen},
	publisher = "Springer-Verlag",
	title = "{Practical Feedback Control. Analysis and Design with Matlab}",
	year = "2000"
}

@Article{ ziegler_nichols,
	author = "J. G. Ziegler and N. B. Nichols",
	journal = "Transactions of the ASME",
	month = "November",
	number = "64",
	pages = "759--768",
	title = "{Optimum Settings for Automatic Controllers}",
	year = "1942"
}

@Article{ zhuang,
	author = "M. Zhuang and D. P. Atherton",
	journal = "IEEE Proceedings of Control Theory and Applications",
	pages = "216--224",
	title = "{Automatic Tuning of Optimum PID Controllers}",
	volume = "140",
	year = "1993"
}

@Article{ valentine,
	author = "C. C. Valentine and M. Chidambaram",
	journal = "Chem. Eng. Comm",
	number = "162",
	pages = "63--74",
	title = "{PID Control of Unstable Time Delay Systems}",
	year = "1997"
}

@Article{ park,
	author = "J. H. Park and S. W. Sung and I. Lee",
	journal = "Automatica",
	number = "6",
	pages = "751--756",
	title = "{An Enhanced PID Control Strategy for Unstable Processes}",
	volume = "34",
	year = "1998"
}

@Article{ kwak,
	author = "H. J. Kwak and S. W. Sung and I. Lee",
	journal = "Ind. Eng. Chem. Res.",
	number = "36",
	pages = "5329--5338",
	title = "{On-Line Process Identification and Autotuning for Integrating Processes}",
	year = "1997"
}

@InProceedings{ astrom00,
	address = "Terrassa, Spain",
	author = {K. J. {{\AA}str{\"o}m} and T. {H{\"a}gglund}},
	booktitle = "{IFAC Workshop on Digital Control. Past, Present and Future of PID Control}",
	month = "April",
	pages = "19--30",
	title = "{The Future of PID Control}",
	year = "2000"
}

@Book{ franklin,
	author = "G.F. {Franklin} and J.D. {Powell} and A.E. {Naeini}",
	publisher = "Addison-Wesley",
	title = "{Feedback Control of Dynamic Systems}",
	year = "1986"
}

@Unpublished{ chen04,
	author = "Y. Q. {Chen} and C. H. {Hu} and B. M. {Vinagre} and C. A. {Monje}",
	month = "June 30-July 2",
	note = "Submitted to the 2004 American Control Conferemce (ACC2004)",
	title = "{Robust $PI^{\alpha}$ Controller Tuning Rule with Iso-Damping Property}",
	year = "2004"
}

@Unpublished{ feliu_sugar,
	author = "V. {Feliu} and L. {Gorostiaga} and B.M. {Vinagre} and C.A. {Monje}",
	month = "December",
	note = "Internal report",
	title = "{Robust Smith Predictor for First Order Proceses with Dead Time Based on a Fractional Controller}",
	year = "2002"
}

@InProceedings{ feliu_canal,
	address = "Albacete, Spain",
	author = "V. {Feliu} and R. {Rivas} and L. {Gorostiaga} and L. {S{\'a}nchez}",
	booktitle = "{6th Inter-Regional Conference on Environment-Water}",
	month = "September",
	title = "{Fractional Control for an Open Irrigation Canal}",
	year = "2003"
}

@InProceedings{ monje_SDNE,
	address = "Bordeaux",
	author = "C. A. Monje and B. M. Vinagre and Y. Q. Chen and V. Feliu",
	booktitle = "{Action Th{\'e}matique SDNE}",
	month = "Mars",
	note = "Available at http://www.laps.u-bordeaux1.fr/AT-sdne/",
	title = "{Une Proposition pour la Synth{\`e}se de Correcteurs PI d'Ordre Non Entier}",
	year = "2003"
}

@Article{ gorez97,
	author = "R. {Gorez}",
	journal = "Journal A",
	number = "1",
	pages = "3--10",
	title = "{A Survey of PID Auto-Tuning Methods}",
	volume = "38",
	year = "1997"
}

@Book{ odwyer03,
	address = "London, U.K.",
	author = "A. {O'Dwyer}",
	publisher = "Imperial College Press",
	title = "{Handbook of PI and PID Controller Tuning Rules}",
	year = "2003"
}

@Proceedings{ procc00,
	address = "Terrassa, Spain",
	editor = "J. Quevedo and T. Escobet",
	month = "April, 5-7",
	organization = "IFAC Workshop",
	title = "{Digital Control 2000: Past, Present and Future of PID Control}",
	year = "2000"
}

@Article{ black34,
	author = "K.J. {Black}",
	journal = "Bell System Technical Journal",
	pages = "1--18",
	title = "{Stabilized Feedback Amplifiers}",
	volume = "13",
	year = "1934"
}

@Article{ nyquist32,
	author = "H. {Nyquist}",
	journal = "Bell System Technical Journal",
	pages = "126--147",
	title = "{Regeneration Theory}",
	volume = "11",
	year = "1932"
}

@Article{ bode40,
	author = "H.W. {Bode}",
	journal = "Bell System Technical Journal",
	pages = "421--454",
	title = "{Relations between Attenuation and Phase in Feedback Amplifier Design}",
	volume = "19",
	year = "1940"
}

@Article{ hall46,
	author = "A.C. {Hall}",
	journal = "Journal of the Franklin Institute",
	pages = "279--307",
	title = "{Application of Circuit Theory to the Design of Servomechanisms}",
	volume = "242",
	year = "1946"
}

@Book{ james47,
	address = "New York",
	author = "H.M. {James} and N.B. {Nichols} and R.S. {Phillips}",
	publisher = "McGraw-Hill",
	title = "{Theory of Servomechanisms}",
	year = "1947"
}

@Book{ horowitz63,
	address = "New York",
	author = "I.M. {Horowitz}",
	publisher = "Academic Press",
	title = "{Synthesis of Feedback Systems}",
	year = "1963"
}

@Article{ feliu93,
	author = "{V. Feliu} and {K. S. Rattan} and {H. B. Brown}",
	journal = "IEEE Transactions on Robotics and Automation",
	number = "4",
	pages = "467--475",
	title = "{Control of Flexible Arms with Friction in the Joints}",
	volume = "9",
	year = "1993"
}

@Article{ feliu90,
	author = "V. {Feliu} and K. S. {Rattan} and H. B. {Brown}",
	journal = "IEEE Control Systems Magazine",
	number = "2",
	pages = "29--33",
	title = "{Adaptive Control of a Single-Link Flexible Manipulator}",
	volume = "10",
	year = "1990"
}

@Article{ feliu97,
	author = "{V. Feliu} and {J. A. Somolinos} and {C. Cerrada} and {J. A. Cerrada}",
	journal = "Journal of Intelligent and Robotic Systems",
	pages = "349--373",
	title = "{A New Control Scheme of Single-Link Flexible Manipulators Robust to Payload Changes}",
	volume = "20",
	year = "1997"
}

@Article{ feliu92,
	author = "{V. Feliu} and {K. S. Rattan} and {H. B. Brown}",
	journal = "Journal of Dynamic Systems, Measurement and Control",
	number = "3",
	pages = "59--69",
	title = "{Modelling and Control of Single-Link Flexible Arms with Lumped Masses}",
	volume = "114",
	year = "1992"
}

@Article{ feliu03,
	author = "{V. Feliu} and {J. Somolinos} and {A. Garc{\'i}a}",
	journal = "IEEE Transactions on Robotics and Automation",
	number = "6",
	pages = "1007--1014",
	title = "{Inverse Dynamics Based Control System for a Three-Degree-of-Freedom Flexible Arm}",
	volume = "19",
	year = "2003"
}

@Article{ podlubny02,
	author = "{I. Podlubny} and {I. Petr{\'a}\v{s}} and {B. M. Vinagre} and {P. O'Leary} and {L. Dor\v{c}{\'a}k}",
	journal = "Nonlinear Dynamics",
	number = "1-4",
	pages = "281--296",
	title = "{Analogue Realizations of Fractional-Order Controllers}",
	volume = "29",
	year = "2002"
}

@Article{ chen02,
	author = "{Y. Q. Chen} and {K. L. Moore}",
	journal = "IEEE Transactions on Circuits and Systems I: Fundamental Theory and Applications",
	number = "3",
	pages = "363--367",
	title = "{Discretization Schemes for Fractional-Order Differentiators and Integrators}",
	volume = "49",
	year = "2002"
}

@Article{ choi95,
	author = "{S. B. Choi} and {B. S. Thompson} and {M. V. Gandhi}",
	journal = "Journal of Robotic Systems",
	number = "1",
	pages = "45--54",
	title = "{Control of a Single-Link Flexible Manipulator Fabricated from Composite Laminates}",
	volume = "12",
	year = "1995"
}

@Article{ chedmail91,
	author = "{P. Chedmail} and {Y. Aoustin} and {C. Chevallereau}",
	journal = "International Journal for Numerical Methods in Engineering",
	number = "8",
	pages = "1595--1619",
	title = "{Modelling and Control of Flexible Robots}",
	volume = "32",
	year = "1991"
}

@Article{ ge96,
	author = "{S. S. Ge} and {T. H. Lee} and {G. Zhu}",
	journal = "Mechatronics",
	number = "7",
	pages = "779--798",
	title = "{Energy-Based Robust Controller Design for Multi-Link Flexible Robots}",
	volume = "6",
	year = "1996"
}

@Article{ siciliano00,
	author = "{B. Siciliano} and {L. Villani}",
	journal = "IEEE Proceedings - Control Theory and Applications",
	number = "6",
	pages = "605--612",
	title = "{Parallel Force and Position Control of Flexible Manipulators}",
	volume = "147",
	year = "2000"
}

@Article{ wang92,
	author = "{D. Wang} and {M. Vidyasagar}",
	journal = "International Journal of Robotics Research",
	number = "6",
	pages = "572--578",
	title = "{Passive Control of a Stiff Flexible Link}",
	volume = "11",
	year = "1992"
}

@Article{ yang00,
	author = "{H. Yang} and {H. Krishnan} and {M. H. Ang}",
	journal = "IEEE Proceedings - Control Theory and Applications",
	number = "6",
	pages = "580--587",
	title = "{Tip-Trajectory Tracking Control of Single-Link Flexible Robots by Output Redefinition}",
	volume = "147",
	year = "2000"
}

@Article{ li98,
	author = "{D. G. Li} and {J. W. Zu} and {A. A. Goldenberg}",
	journal = "Mechanism and Machine Theory",
	number = "6",
	pages = "1031--1044",
	title = "{Dynamic Modelling and Mode Analysis of Flexible-Link, Flexible-Joint Robots}",
	volume = "147",
	year = "2000"
}

@Article{ feliu99,
	author = "{J. J. Feliu} and {V. Feliu} and {C. Cerrada}",
	journal = "IEEE Transactions on Robotics and Automation",
	number = "5",
	pages = "793--804",
	title = "{Load Adaptive Control of Single-Link Flexible Arms Based on a New Modelling Technique}",
	volume = "15",
	year = "1999"
}

@Article{ yang92,
	author = "{T. C. Yang} and {J. C. S. Yang} and {P. Kudva}",
	journal = "IEEE Transactions on Systems, Man and Cybernetics",
	number = "1",
	pages = "85--91",
	title = "{Load Adaptive Control of a Single-Link Flexible Manipulator}",
	volume = "22",
	year = "1992"
}

@Article{ chen01,
	author = "{Y. P. Chen} and {H. T. Hsu}",
	journal = "Journal of Vibration and Control",
	number = "5",
	pages = "741--752",
	title = "{Regulation and Vibration Control of a Fem-Based Single-Link Flexible Arm Using Sliding-Mode Theory}",
	volume = "7",
	year = "2001"
}

@Article{ su01,
	author = "{Z. Su} and {K. Khorasani}",
	journal = "IEEE Transactions on Industrial Electronics",
	number = "6",
	pages = "1074--1086",
	title = "{A Neural-Network-Based Controller for a Single-Link Flexible Manipulator Using the Inverse Dynamics Approach}",
	volume = "48",
	year = "2001"
}

@Article{ moudgal95,
	author = "{V. G. Moudgal} and {W. A. Kwong} and {K. M. Passino} and {S. Yurkovich}",
	journal = "IEEE Transactions on Fuzzy Systems",
	number = "2",
	pages = "199--210",
	title = "{Fuzzy Learning Control for a Flexible-Link Robot}",
	volume = "3",
	year = "1995"
}

@Article{ feliu02,
	author = "{V. Feliu} and {J. A. Somolinos} and {A. Garc{\'i}a}",
	journal = "Journal of Intelligent and Robotics Systems",
	number = "4",
	pages = "467--488",
	title = "{Robustness Comparative Study of Two Control Schemes for 3-Dof Flexible Manipulators}",
	volume = "34",
	year = "2002"
}

@Book{ oldham74,
	author = "{K. B. Oldham} and {J. Spanier}",
	publisher = "Academic Press",
	title = "{The Fractional Calculus}",
	year = "1974"
}

@Book{ samko87,
	author = "{S. G. Samko} and {A. A. Kilbas} and {O. I. Marichev}",
	publisher = "Nauka i Technika",
	title = "{Fractional Integrals and Derivatives and Some of their Applications}",
	year = "1987"
}

@InProceedings{ petras97,
	address = "Kosice, Slovak Republic",
	author = "{I. Petras} and {L. Dorc{\'a}k} and {I. Kostial}",
	booktitle = "{Proceedings of 9th International GERG Conference}",
	pages = "119--119",
	title = "{Design of Fractional-Order Controllers with Given Stability and Damping Measures}",
	year = "1997"
}

@Article{ podlubny_99,
	author = "{I. Podlubny}",
	journal = "IEEE Transactions on Automatic Control",
	number = "1",
	pages = "208--214",
	title = "{Fractional-Order Systems and PID Controllers}",
	volume = "44",
	year = "1999"
}

@Article{ vinagre02,
	author = "{B. M. Vinagre} and {I. Petras} and {I. Podlubny} and {Y. Q. Chen}",
	journal = "Nonlinear Dynamics",
	number = "1-4",
	pages = "269--279",
	title = "{Using Fractional Order Adjustment Rules and Fractional Order reference models in Model-Reference Adaptive Control}",
	volume = "29",
	year = "2002"
}

@Article{ manabe61,
	author = "{S. Manabe}",
	journal = "ETJ of Japan",
	number = "3-4",
	pages = "83--87",
	title = "{The Non-Integer Integral and its Application to Control Systems}",
	volume = "6",
	year = "1961"
}

@InProceedings{ axtell90,
	address = "New York, Usa",
	author = "{M. Axtell} and {E. M. Bise}",
	booktitle = "{Proceedings of the IEEE 1990 Nat. Aerospace and Electronics Conf.}",
	pages = "563--566",
	title = "{Fractional Calculus Applications in Control Systems}",
	year = "1990"
}

@Book{ lurie94,
	author = "{B. J. Lurie}",
	title = "{Three-Parameter Tunable Tilt-Integral-Derivative (TID) Controller. US Patent US5371670}"
}

@Book{ miller93,
	author = "{K. S. Miller} and {B. Ross}",
	publisher = "Wiley",
	title = "{An Introduction to the Fractional Calculus and Fractional Differential Equations}",
	year = "1993"
}

@Article{ zinn04,
	author = "M. {Zinn} and O. {Khatib} and B. {Roth} and J. K. {Salisbury}",
	journal = "IEEE Robotics and Automation Magazine",
	number = "2",
	pages = "12--21",
	title = "{Playing it safe [Human-Friendly Robots]}",
	volume = "11",
	year = "2004"
}

@Article{ cannon84,
	author = "R. H. {Cannon} and E. {Schmitz}",
	journal = "International Journal of Robotics Research",
	number = "3",
	pages = "62--75",
	title = "{Initial Experiments on the Endpoint Control of a Flexible One-Link Robot}",
	volume = "3",
	year = "1984"
}

@Article{ benosman04,
	author = "A. {Benosman} and G. {Le Vey}",
	journal = "Robotica",
	number = "5",
	pages = "533--545",
	title = "{Control of Flexible Manipulators: A Survey}",
	volume = "22",
	year = "2004"
}

@Article{ feliu05,
	author = "V. {Feliu} and F. {Ramos}",
	journal = "Mechatronics",
	number = "5",
	pages = "547--571",
	title = "{Strain Gauge Based Control of Single-Link Very Lightweight Flexible Robots to Payload Changes}",
	volume = "15",
	year = "2005"
}

@Article{ monje04,
	author = "C. A. {Monje} and A. J. {Calder{\'o}n} and B. M. {Vinagre} and Y. Q. {Chen} and V. {Feliu}",
	journal = "Nonlinear Dynamics",
	number = "1-4",
	pages = "369--381",
	title = "{On Fractional PID Controllers: Some Tuning Rules for Robustness to Plant Uncertainties}",
	volume = "38",
	year = "2004"
}

@InProceedings{ valerio05,
	address = "Long Beach, California, USA",
	author = "D. {Val{\'e}rio} and J. {S{\'a} Da Costa}",
	booktitle = "{ASME International Design Engineering Technical Conference and Computer and Information in Engineering Conference}",
	month = "September",
	title = "{Ziegler-Nichols Type Tuning Rules for Fractional PID Controllers}",
	year = "2005"
}


@Article{ hang02,
	author = {C. C. {Hang} and K. J. {{\AA}str{\"o}m} and Q. G. {Wang}},
	journal = "Journal of Process Control",
	pages = "143--162",
	title = "{Relay Feedback Auto-Tuning of Process Controllers-A Tutorial Review}",
	volume = "12",
	year = "2002"
}

@Article{ ho01,
	author = "W. K. {Ho} and T. H. {Lee} and Y. {Hong}",
	journal = "IEEE Transactions on Control Systems Technology",
	month = "May",
	number = "3",
	pages = "535--541",
	title = "{Self-Tuning IMC-PID Control with Interval Gain and Phase Margins Assigment}",
	volume = "9",
	year = "2001"
}

@Article{ ho97,
	author = "W. K. {Ho} and C. C. {Hang} and J. {Zhou}",
	journal = "IEEE Transactions on Control Systems Technology",
	month = "July",
	number = "4",
	pages = "446--452",
	title = "{Self-Tuning PID Control of a Plant with Under-Damped Response with Specifications on Gain and Phase Margins}",
	volume = "5",
	year = "1997"
}

@Article{ tan02,
	author = "K. K. {Tan} and S. {Huang} and R. {Ferdous}",
	journal = "Journal of Process Control",
	number = "7",
	title = "{Robust Self-Tuning PID Controller for Nonlinear Systems}",
	volume = "12",
	year = "2002"
}

@InProceedings{ eucker00,
	address = "Venice, Italy",
	author = "R. J. {Eucker} and Z. {Gao}",
	booktitle = "{Proceedings of International Conference IAS-6}",
	title = "{A Novel Self-Tuning Control Design Approach for Industrial Applications}",
	year = "2000"
}

@Article{ shy01,
	author = "K. Y. {Shy} and S. L. {Wu} and Y. T. {Wang}",
	pages = "113--119",
	title = "{Internal Model Control with a Grey Predictor}",
	year = "2001"
}

@Article{ sanfelice00,
	author = "A. {Sanfelice} and A. {Silveira}",
	journal = "Revista Controle $\&$ Automa\c{c}{\~a}o",
	month = "Jun., Jul. e Agosto",
	number = "2",
	pages = "69--76",
	title = "{Self-Tuning Stabilizers Based on Pole Assigment for Multimachine Power Systems}",
	volume = "11",
	year = "2000"
}

@Article{ potocnik00,
	author = "P. {Poto\v{c}nik} and I. {Grabec}",
	journal = "Mathematics and Computers in Simulation",
	pages = "201--207",
	title = "{Adaptive Self-Tuning Neurocontrol}",
	volume = "51",
	year = "2000"
}

@TechReport{ gawthrop96,
	address = "Glasgow, Scotland",
	author = "P. J. {Gawthrop}",
	institution = "Faculty of Engineering",
	month = "October 22",
	title = "{Self-Tuning PID Control Structures}",
	type = "Technical Report CSC-96011",
	year = "1996"
}

@InProceedings{ bittanti96,
	address = "Kobe, Japan",
	author = "S. {Bittanti} and M. C. {Campi} and M. {Prandini}",
	booktitle = "{Proceedings of the 35th Conference on Decision and Control}",
	month = "December",
	pages = "62--63",
	title = "{Self-Tuning Control Based on Penalized Least Squares Identification Techniques}",
	year = "1996"
}

@TechReport{ rasmussen02,
	address = "Fredrik Bajers Vej 7, DK 9220 Aalborg, Denmark",
	author = "H. {Rasmussen}",
	institution = "Aalborg University, Dept. of Control Engineering",
	month = "September 6",
	title = "{Automatic Tuning of PID-Regulators}",
	year = "2002"
}

@Article{ astrom73,
	author = {K. J. {{\AA}str{\"o}m} and B. {Wittenmark}},
	journal = "Automatica",
	pages = "185--199",
	title = "{On Self Tuning Regulators}",
	volume = "9",
	year = "1973"
}

@Article{ karimi03,
	author = "A. {Karimi} and D. {Garc{\'i}a} and R. {Longchamp}",
	journal = "IEEE Transactions on Control Systems Technology",
	month = "November",
	number = "6",
	pages = "812--821",
	title = "{PID Controller Tuning Using Bode's Integrals}",
	volume = "11",
	year = "2003"
}

@Book{ bellman61,
	author = "R. {Bellman}",
	publisher = "Princeton Univ. Press",
	title = "{Adaptive Control Processes-A Guided Tour}",
	year = "1961"
}

@Article{ feldbaum61,
	author = "A. A. {Feldbaum}",
	journal = "Automatic Remote Control",
	number = "9",
	pages = "874--880",
	title = "{Dual Control Theory}",
	volume = "21",
	year = "1961"
}

@Article{ kalman58,
	author = "R. E. {Kalman}",
	journal = "Transactions of the ASME",
	pages = "468--478",
	title = "{Design of a Self-Optimizing Control System}",
	volume = "80",
	year = "1958"
}

@Article{ astrom96,
	author = {K. J. {{\AA}str{\"o}m}},
	journal = "IEEE Control Systems Magazine",
	number = "3",
	pages = "44--49",
	title = "{Adaptive Cotrol around 1960}",
	volume = "AC-16",
	year = "1996"
}

@InProceedings{ chen_04,
	address = "ENSEIRB, Bordeaux, France",
	author = "Y. Q. {Chen} and K. L. {Moore} and B. M. {Vinagre} and I. {Podlubny}",
	booktitle = "{First IFAC Workshop on Fractional Differentiation and Its Applications}",
	month = "July 19-21",
	pages = "162--167",
	title = "{Robust PID Controller Autotuning with a Phase Shaper}",
	year = "2004"
}

@Article{ astrom84,
	author = {K. J. {{\AA}str{\"o}m} and T. {H{\"a}gglund}},
	journal = "Automatica",
	number = "5",
	pages = "645--651",
	title = "{Automatic Tuning of Simple Regulators with Specifications of Phase and Amplitude Margins }",
	volume = "20",
	year = "1984"
}

@InProceedings{ chen_2003,
	address = "Hawaii, USA",
	author = "Y. Q. {Chen} and C. H. {Hu} and K. L. {Moore}",
	booktitle = "{42nd IEEE Conference on Decision and Control}",
	month = "December",
	pages = "2180--2185",
	title = "{Relay Feedback Tuning of Robust PID Controllers with Iso-Damping Property}",
	year = "2003"
}

@Article{ chen_moore,
	author = "Y. Q. {C}hen and K. L. {M}oore",
	journal = "IEEE Transactions on Systems, Man, and Cybernetics, Part B",
	number = "1",
	pages = "23--31",
	title = "{Relay Feedback Tuning of Robust PID Controllers With Iso-Damping Property}",
	volume = "35",
	year = "2005"
}

@PhDThesis{ monje_phd,
	author = "C.A. Monje",
	number = "July",
	title = "{Design Methods of Fractional Order Controllers for Industrial Applications.}",
	year = "2006"
}

@InProceedings{ kajita1991,
	author = "S. Kajita and K. Tani",
	booktitle = "{Advanced Robotics, 1991.'Robots in Unstructured Environments', 91 ICAR., Fifth International Conference on}",
	organization = "IEEE",
	pages = "741--746",
	title = "{Study of dynamic biped locomotion on rugged terrain-theory and basic experiment}",
	year = "1991"
}

@InProceedings{ sugihara2003,
	author = "T. Sugihara and Y. Nakamura",
	booktitle = "{IEEE International Conference on Humanoid Robots (Humanoids2003)}",
	pages = "0--0",
	title = "{Variable impedant inverted pendulum model control for a seamless contact phase transition on humanoid robot}",
	year = "2003"
}

@InProceedings{ komura2005,
	author = "T. Komura and H. Leung and S. Kudoh and J. Kuffner",
	booktitle = "{Robotics and Automation, 2005. ICRA 2005. Proceedings of the 2005 IEEE International Conference on}",
	organization = "IEEE",
	pages = "1989--1995",
	title = "{A feedback controller for biped humanoids that can counteract large perturbations during gait}",
	year = "2005"
}

@Article{ komura2005b,
	author = "T. Komura and A. Nagano and H. Leung and Y. Shinagawa",
	journal = "Biomedical Engineering, IEEE Transactions on",
	number = "9",
	pages = "1502--1513",
	publisher = "IEEE",
	title = "{Simulating pathological gait using the enhanced linear inverted pendulum model}",
	volume = "52",
	year = "2005"
}

@InProceedings{ mistry2010,
	author = "M. Mistry and A. Murai and K. Yamane and J. Hodgins",
	booktitle = "{Humanoid Robots (Humanoids), 2010 10th IEEE-RAS International Conference on}",
	organization = "IEEE",
	pages = "218--223",
	address = "Nashville, TN, USA",
	title = "{Sit-to-stand task on a humanoid robot from human demonstration}",
	year = "2010"
}

%double pendulum decoupled for stabilization
@InProceedings{ kaynov2009practical,
	author = "D. Kaynov and P. Soueres and P. Pierro and C. Balaguer",
	booktitle = "{Intelligent Robots and Systems, 2009. IROS 2009. IEEE/RSJ International Conference on}",
	organization = "IEEE",
	address = "St. Louis, MO, USA",
	pages = "3392--3397",
	title = "{A practical decoupled stabilizer for joint-position controlled humanoid robots}",
	year = "2009"
}

@Article{ kim2007,
	author = "J.Y. Kim and I.W. Park and J.H. Oh",
	journal = "Journal of Intelligent \& Robotic Systems",
	number = "4",
	pages = "457--484",
	publisher = "Springer",
	title = "{Walking control algorithm of biped humanoid robot on uneven and inclined floor}",
	volume = "48",
	year = "2007"
}

@InProceedings{ wieber2006,
	author = "P.B. Wieber",
	booktitle = "{Humanoid Robots, 2006 6th IEEE-RAS International Conference on}",
	organization = "IEEE",
	pages = "137--142",
	title = "{Trajectory free linear model predictive control for stable walking in the presence of strong perturbations}",
	year = "2006"
}

@Book{ monjebook,
	author = "C. A. {Monje} and Y. Q. {Chen} and D. {Xue} and B. M. {Vinagre} and V. {Feliu}",
	month = "",
	number = "",
	publisher = "Springer",
	title = "{Fractional-order Systems and Controls. Fundamentals and Applications}",
	volume = "",
	year = "2010"
}

@PhDThesis{ arbulu2009thesis,
	author = "M. Arbulu",
	school = "Universidad Carlos III de Madrid",
	title = "{Stable locomotion of humanoid robots based on mass concentrated model}",
	year = "2009"
}

@InProceedings{ khatib2008unified,
	author = "O. Khatib and L. Sentis and J.H. Park",
	booktitle = "{European Robotics Symposium 2008}",
	organization = "Springer",
	pages = "303--312",
	title = "{A unified framework for whole-body humanoid robot control with multiple constraints and contacts}",
	year = "2008"
}

@Article{ khatib2004whole,
	author = "O Khatib and L Sentis and J Park and J Warren",
	journal = "Int. J. of Humanoid Robotics",
	number = "1",
	pages = "29--43",
	title = "{Whole-body dynamic behavior and control of human-like robots}",
	volume = "1",
	year = "2004"
}

@InProceedings{ arbulu2010aiming,
	author = "M. Arbul{\'u} and C. Balaguer and C. Monge and S. Mart{\'i}nez and A. Jardon",
	booktitle = "{Intelligent Robots and Systems (IROS), 2010 IEEE/RSJ International Conference on}",
	organization = "IEEE",
	pages = "691--697",
	title = "{Aiming for multibody dynamics on stable humanoid motion with special euclideans groups}",
	year = "2010"
}

@Article{ tang2008differential,
	author = "H. Tang and S. Xue and C. Fan",
	journal = "Computers \& Structures",
	number = "21-22",
	pages = "2004--2012",
	publisher = "Elsevier",
	title = "{Differential evolution strategy for structural system identification}",
	volume = "86",
	year = "2008"
}

@InProceedings{ pan2004evolutionary,
	author = "W. Pan and X. Chengzhi and F. Zhun",
	booktitle = "{Intelligent Control and Automation, 2004. WCICA 2004. Fifth World Congress on}",
	organization = "IEEE",
	pages = "2365--2368",
	title = "{Evolutionary linear control strategies of triple inverted pendulums and simulation studies}",
	volume = "3",
	year = "2004"
}

@InProceedings{ tsachouridis1999robust,
	author = "V.A. Tsachouridis",
	booktitle = "{Control Applications, 1999. Proceedings of the 1999 IEEE International Conference on}",
	organization = "IEEE",
	pages = "1235--1240",
	title = "{Robust control of a triple inverted pendulum}",
	volume = "2",
	year = "1999"
}

@InProceedings{ xiaofeng2009variable,
	author = "G. Xiaofeng and L. Hongxing and D. Guannan and G. Haigang",
	booktitle = "{Artificial Intelligence and Computational Intelligence, 2009. AICI'09. International Conference on}",
	organization = "IEEE",
	pages = "63--67",
	title = "{Variable universe adaptive fuzzy control on the triple inverted pendulum and choosing contraction-expansion factor}",
	volume = "4",
	year = "2009"
}

@InProceedings{ suleiman2008,
	author = "W. Suleiman and E. Yoshida and F. Kanehiro and J.P. Laumond and A. Monin",
	booktitle = "{Robotics and Automation, 2008. ICRA 2008. IEEE International Conference on}",
	organization = "IEEE",
	pages = "2697--2704",
	title = "{On human motion imitation by humanoid robot}",
	year = "2008"
}

@Article{ morimoto2001,
	author = "J. Morimoto and K. Doya",
	journal = "Robotics and Autonomous Systems",
	number = "1",
	pages = "37--51",
	publisher = "Elsevier",
	title = "{Acquisition of stand-up behavior by a real robot using hierarchical reinforcement learning}",
	volume = "36",
	year = "2001"
}

@InProceedings{ inaba1996,
	author = "M. Inaba and T. Igarashi and S. Kagami and H. Inoue",
	booktitle = "{Intelligent Robots and Systems' 96, IROS 96, Proceedings of the 1996 IEEE/RSJ International Conference on}",
	organization = "IEEE",
	pages = "29--36",
	title = "{A 35 DOF humanoid that can coordinate arms and legs in standing up, reaching and grasping an object}",
	volume = "1",
	year = "1996"
}

@Article{ hirukawa2005human,
	author = "H. Hirukawa and S. Kajita and F. Kanehiro and K. Kaneko and T. Isozumi",
	journal = "The International Journal of Robotics Research",
	number = "9",
	pages = "755",
	publisher = "SAGE Publications",
	title = "{The human-size humanoid robot that can walk, lie down and get up}",
	volume = "24",
	year = "2005"
}

@Article{ nanayakkara2001,
	author = "T. Nanayakkara and K. Watanabe and K. Kiguchi and K. Izumi",
	journal = "Journal of Intelligent \& Robotic Systems",
	number = "3",
	pages = "255--277",
	publisher = "Springer",
	title = "{Evolutionary Learning of a Fuzzy Behavior Based Controller for a Nonholonomic Mobile Robot in a Class of Dynamic Environments}",
	volume = "32",
	year = "2001"
}

@Article{ argall2009survey,
	author = "B.D. Argall and S. Chernova and M. Veloso and B. Browning",
	journal = "Robotics and Autonomous Systems",
	number = "5",
	pages = "469--483",
	publisher = "Elsevier",
	title = "{A survey of robot learning from demonstration}",
	volume = "57",
	year = "2009"
}

@InProceedings{ peters2003reinforcement,
	author = "J. Peters and S. Vijayakumar and S. Schaal",
	booktitle = "{Proceedings of the third IEEE-RAS international conference on humanoid robots}",
	pages = "1--20",
	title = "{Reinforcement learning for humanoid robotics}",
	year = "2003"
}

@article{peters2008learning,
  title={Learning to control in operational space},
  author={Peters, Jan and Schaal, Stefan},
  journal={The International Journal of Robotics Research},
  volume={27},
  number={2},
  pages={197--212},
  year={2008},
  publisher={SAGE Publications}
}

@Article{ guenter2007reinforcement,
	author = "F. Guenter and M. Hersch and S. Calinon and A. Billard",
	journal = "Advanced Robotics",
	number = "13",
	pages = "1521--1544",
	publisher = "VSP, an imprint of Brill",
	title = "{Reinforcement learning for imitating constrained reaching movements}",
	volume = "21",
	year = "2007"
}

@Article{ alissandrakis2002imitation,
	author = "A. Alissandrakis and C.L. Nehaniv and K. Dautenhahn",
	journal = "Systems, Man and Cybernetics, Part A: Systems and Humans, IEEE Transactions on",
	number = "4",
	pages = "482--496",
	publisher = "IEEE",
	title = "{Imitation with ALICE: Learning to imitate corresponding actions across dissimilar embodiments}",
	volume = "32",
	year = "2002"
}

@Article{ schaal2003computational,
	author = "S. Schaal and A. Ijspeert and A. Billard",
	journal = "Philosophical Transactions of the Royal Society of London. Series B: Biological Sciences",
	number = "1431",
	pages = "537--547",
	publisher = "The Royal Society",
	title = "{Computational approaches to motor learning by imitation}",
	volume = "358",
	year = "2003"
}



@Article{ deb2000efficient,
	author = "K. Deb",
	journal = "Computer methods in applied mechanics and engineering",
	number = "2",
	pages = "311--338",
	publisher = "Elsevier",
	title = "{An efficient constraint handling method for genetic algorithms}",
	volume = "186",
	year = "2000"
}

@Book{ sutton1998book,
	author = "R.S. Sutton and A.G. Barto",
	number = "1",
	publisher = "Cambridge Univ Press",
	title = "{Reinforcement learning: An introduction}",
	volume = "1",
	year = "1998"
}

@InProceedings{ saunders2006teaching,
	author = "J. Saunders and C.L. Nehaniv and K. Dautenhahn",
	booktitle = "{Proceedings of the 1st ACM SIGCHI/SIGART conference on Human-robot interaction}",
	organization = "ACM",
	pages = "118--125",
	address = "Salt Lake City, UT, USA",
	title = "{Teaching robots by moulding behavior and scaffolding the environment}",
	year = "2006"
}

@Article{ calinon2007learning,
	author = "S. Calinon and F. Guenter and A. Billard",
	journal = "Systems, Man, and Cybernetics, Part B: Cybernetics, IEEE Transactions on",
	number = "2",
	pages = "286--298",
	publisher = "IEEE",
	title = "{On learning, representing, and generalizing a task in a humanoid robot}",
	volume = "37",
	year = "2007"
}

@Article{ alissandrakis2004towards,
	author = "A. Alissandrakis and C.L. Nehaniv and K. Dautenhahn",
	journal = "Interaction Studies",
	number = "1",
	pages = "3--44",
	publisher = "John Benjamins Publishing Company",
	title = "{Towards robot cultures?: Learning to imitate in a robotic arm test-bed with dissimilarly embodied agents}",
	volume = "5",
	year = "2004"
}

@InProceedings{ nanayakkara2007development,
	author = "T. Nanayakkara and C. Piyathilaka and A. Subasingha and M. Jamshidi",
	booktitle = "{IEEE International Conference on Systems of Systems Engineering, San Antonio}",
	title = "{Development of Advanced Motor Skills in a Group of Humans Through an Elitist Visual Feedback Mechanism}",
	year = "2007"
}

@Book{ jeannerod1988neural,
	author = "M. Jeannerod",
	publisher = "Clarendon Press/Oxford University Press",
	title = "{The neural and behavioural organization of goal-directed movements.}",
	year = "1988"
}

@Article{ bandura1986social,
	author = "A. Bandura",
	journal = "Englewood Cliffs, NJ",
	title = "{Social foundations of thought and action}",
	year = "1986"
}

@Article{ thompson2004ghost,
	author = "D.E. Thompson and J. Russell",
	journal = "Developmental Psychology",
	number = "5",
	pages = "882",
	publisher = "American Psychological Association",
	title = "{The ghost condition: imitation versus emulation in young children's observational learning.}",
	volume = "40",
	year = "2004"
}

@Article{ tomasello1996apes,
	author = "M. Tomasello",
	publisher = "Academic Press",
	title = "{Do apes ape?}",
	year = "1996"
}

@Article{ whiten2004apes,
	author = "A. Whiten and V. Horner and C.A. Litchfield and S. Marshall-Pescini",
	journal = "Learning \& Behavior",
	number = "1",
	pages = "36--52",
	publisher = "Springer",
	title = "{How do apes ape?}",
	volume = "32",
	year = "2004"
}

@Article{ hopper2008observational,
	author = "L.M. Hopper and S.P. Lambeth and S.J. Schapiro and A. Whiten",
	journal = "Proceedings of the Royal Society B: Biological Sciences",
	number = "1636",
	pages = "835--840",
	publisher = "The Royal Society",
	title = "{Observational learning in chimpanzees and children studied through {\lq}ghost{\rq}conditions}",
	volume = "275",
	year = "2008"
}

@Article{ zentall2006imitation,
	author = "T.R. Zentall",
	journal = "Animal cognition",
	number = "4",
	pages = "335--353",
	publisher = "Springer",
	title = "{Imitation: definitions, evidence, and mechanisms}",
	volume = "9",
	year = "2006"
}

@Article{ heyes1994imitation,
	author = "CM Heyes and E. Jaldow and GR Dawson",
	journal = "Learning and Motivation",
	number = "3",
	pages = "276--287",
	publisher = "Academic Press",
	title = "{Imitation in rats: Conditions of occurrence in a bidirectional control procedure}",
	volume = "25",
	year = "1994"
}

@Article{ heyes1990demonstration,
	author = "C.M. Heyes and GR Dawson",
	journal = "The Quarterly Journal of Experimental Psychology",
	number = "1",
	pages = "59--71",
	publisher = "Taylor \& Francis",
	title = "{A demonstration of observational learning in rats using a bidirectional control}",
	volume = "42",
	year = "1990"
}

@Article{ rizzolatti2002from,
	author = "G. Rizzolatti and L. Fadiga and L. Fogassi and V. Gallese",
	journal = "The imitative mind: Development, evolution, and brain bases",
	pages = "247",
	publisher = "Cambridge Univ Pr",
	title = "{From mirror neurons to imitation: Facts and speculations}",
	volume = "6",
	year = "2002"
}

@Article{ nguyen2005imitation,
	author = "N.H. Nguyen and E.D. Klein and T.R. Zentall",
	journal = "Psychonomic bulletin \& review",
	number = "3",
	pages = "514--518",
	publisher = "Springer",
	title = "{Imitation of a two-action sequence by pigeons}",
	volume = "12",
	year = "2005"
}

@Article{ whiten1992nature,
	author = "A. Whiten and R. Ham",
	journal = "Advances in the Study of Behavior",
	pages = "239--283",
	publisher = "Elsevier",
	title = "{On the nature and evolution of imitation in the animal kingdom: reappraisal of a century of research}",
	volume = "21",
	year = "1992"
}

@Article{ mitchell1987comparative,
	author = "RW Mitchell",
	journal = "Perspectives in ethology",
	pages = "183--215",
	title = "{A comparative-developmental approach to understanding imitation}",
	volume = "7",
	year = "1987"
}

@Article{ gergely2002rational,
	author = "G. Gergely and H. Bekkering and I. Kir{\'a}ly and others",
	journal = "Nature",
	number = "6873",
	pages = "755",
	title = "{Rational imitation in preverbal infants}",
	volume = "415",
	year = "2002"
}

@Book{ piaget1962play,
	author = "J. Piaget",
	publisher = "New York: Norton",
	title = "{Play, dreams and imitation}",
	volume = "24",
	year = "1962"
}

@Article{ akins1998imitation,
	author = "C.K. Akins and T.R. Zentall",
	journal = "Psychonomic Bulletin \& Review",
	number = "4",
	pages = "694--697",
	publisher = "Springer",
	title = "{Imitation in Japanese quail: The role of reinforcement of demonstrator responding}",
	volume = "5",
	year = "1998"
}

@Article{ whiten1996imitative,
	author = "A. Whiten and D.M. Custance and J.C. Gomez and P. Teixidor and K.A. Bard",
	journal = "Journal of Comparative Psychology",
	number = "1",
  	pages={3--14},
	publisher = "American Psychological Association",
	title = "{Imitative learning of artificial fruit processing in children (Homo sapiens) and chimpanzees (Pan troglodytes).}",
	volume = "110",
	year = "1996"
}

@Article{ whiten2009emulation,
	author = "A. Whiten and N. McGuigan and S. Marshall-Pescini and L.M. Hopper",
	journal = "Philosophical Transactions of the Royal Society B: Biological Sciences",
	number = "1528",
	pages = "2417--2428",
	publisher = "The Royal Society",
	title = "{Emulation, imitation, over-imitation and the scope of culture for child and chimpanzee}",
	volume = "364",
	year = "2009"
}

@InProceedings{ kulic2009comparative,
	author = "D. Kulic and Y. Nakamura",
	booktitle = "{Intelligent Robots and Systems, 2009. IROS 2009. IEEE/RSJ International Conference on}",
	organization = "IEEE",
	pages = "4300--4305",
	address = "St. Louis, MO, USA",
	title = "{Comparative study of representations for segmentation of whole body human motion data}",
	year = "2009"
}

@Article{ billard2006discriminative,
	author = "A.G. Billard and S. Calinon and F. Guenter",
	journal = "Robotics and Autonomous Systems",
	number = "5",
	pages = "370--384",
	publisher = "Elsevier",
	title = "{Discriminative and adaptive imitation in uni-manual and bi-manual tasks}",
	volume = "54",
	year = "2006"
}

@InProceedings{ yoshikai2004development,
	author = "T. Yoshikai and N. Otake and I. Mizuuchi and M. Inaba and H. Inoue",
	booktitle = "{Intelligent Robots and Systems, 2004.(IROS 2004). Proceedings. 2004 IEEE/RSJ International Conference on}",
	organization = "IEEE",
	pages = "1192--1197",
	title = "{Development of an imitation behavior in humanoid Kenta with reinforcement learning algorithm based on the attention during imitation}",
	volume = "2",
	year = "2004"
}

@Article{ bentivegna2004learning,
	author = "D.C. Bentivegna and C.G. Atkeson and G. Cheng",
	journal = "Robotics and Autonomous Systems",
	number = "2",
	pages = "163--169",
	publisher = "Elsevier",
	title = "{Learning tasks from observation and practice}",
	volume = "47",
	year = "2004"
}

@InProceedings{ hwang2006self,
	author = "Y.K. Hwang and K.J. Choi and D.S. Hong",
	booktitle = "{Robotics and Automation, 2006. ICRA 2006. Proceedings 2006 IEEE International Conference on}",
	organization = "IEEE",
	pages = "475--480",
	title = "{Self-learning control of cooperative motion for a humanoid robot}",
	year = "2006"
}

@Article{ jansen2006computational,
	author = "B. Jansen and T. Belpaeme",
	journal = "Robotics and Autonomous Systems",
	number = "5",
	pages = "394--402",
	publisher = "Elsevier",
	title = "{A computational model of intention reading in imitation}",
	volume = "54",
	year = "2006"
}

@Book{ siciliano2008springer,
	author = "B. Siciliano and O. Khatib",
	publisher = "Springer-Verlag New York Inc",
	title = "{Springer handbook of robotics}",
	year = "2008"
}

@Article{ sentis2005synthesis,
	author = "L. Sentis and O. Khatib",
	journal = "International Journal of Humanoid Robotics",
	number = "4",
	pages = "505--518",
	publisher = "River Edge, NJ; Singapore: World Scientific, c2004-",
	title = "{Synthesis of whole-body behaviors through hierarchical control of behavioral primitives}",
	volume = "2",
	year = "2005"
}

@Article{ khatib1987unified,
	author = "O. Khatib",
	doi = "10.1109/JRA.1987.1087068",
	issn = "0882-4967",
	journal = "Robotics and Automation, IEEE Journal of",
	keywords = "Force control, Motion control",
	month = "february",
	number = "1",
	pages = "43--53",
	title = "{A unified approach for motion and force control of robot manipulators: The operational space formulation}",
	volume = "3",
	year = "1987"
}

@Article{ sentis2004task,
	author = "L. Sentis and O. Khatib",
	journal = "International Journal of Humanoid Robotics",
	title = "{Task-oriented control of humanoid robots through prioritization}",
	year = "2004"
}

@Article{ sentis2010compliant,
	author = "L. Sentis and J. Park and O. Khatib",
	journal = "Robotics, IEEE Transactions on",
	number = "3",
	pages = "483--501",
	publisher = "IEEE",
	title = "{Compliant control of multicontact and center-of-mass behaviors in humanoid robots}",
	volume = "26",
	year = "2010"
}

%ZMP with complete model. The robot walks using OGM
@InProceedings{ nagasaka1999dynamic,
	author = "K. Nagasaka and H. Inoue and M. Inaba",
	booktitle = "{Systems, Man, and Cybernetics, 1999. IEEE SMC'99 Conference Proceedings. 1999 IEEE International Conference on}",
	organization = "IEEE",
	pages = "908--913",
	title = "{Dynamic walking pattern generation for a humanoid robot based on optimal gradient method}",
	volume = "6",
	year = "1999"
}

%Dynamic filter
@Article{ yamane2003dynamics,
	author = "K. Yamane and Y. Nakamura",
	journal = "Robotics and Automation, IEEE Transactions on",
	number = "3",
	pages = "421--432",
	publisher = "IEEE",
	title = "{Dynamics filter-concept and implementation of online motion generator for human figures}",
	volume = "19",
	year = "2003"
}

%cart-table
@InProceedings{ kajita2003biped,
	author = "S. Kajita and F. Kanehiro and K. Kaneko and K. Fujiwara and K. Harada and K. Yokoi and H. Hirukawa",
	booktitle = "{Robotics and Automation, 2003. Proceedings. ICRA'03. IEEE International Conference on}",
	organization = "IEEE",
	pages = "1620--1626",
	title = "{Biped walking pattern generation by using preview control of zero-moment point}",
	volume = "2",
	address = "Taipei, China",
	year = "2003"
}

@Article{ lin1983formulation,
	author = "C.S. Lin and P.R. Chang and J. Luh",
	journal = "Automatic Control, IEEE Transactions on",
	number = "12",
	pages = "1066--1074",
	publisher = "IEEE",
	title = "{Formulation and optimization of cubic polynomial joint trajectories for industrial robots}",
	volume = "28",
	year = "1983"
}

@Article{ byrne2003imitation,
	author = "R.W. Byrne",
	journal = "Philosophical Transactions of the Royal Society of London. Series B: Biological Sciences",
	number = "1431",
	pages = "529--536",
	publisher = "The Royal Society",
	title = "{Imitation as behaviour parsing}",
	volume = "358",
	year = "2003"
}

@InCollection{ alissandrakis2011helping,
	author = "A. Alissandrakis and D.S. Syrdal and Y. Miyake",
	journal = "New Frontiers in Human-Robot Interaction",
	editor = "Dautenhahn, K. and Saunders, J.",
	booktitle = "New Frontiers in Human-Robot Interaction",
	pages = "9--33",
	publisher = "John Benjamins Publishing Company",
	title = "{Helping robots imitate: Acknowledgement of, and adaptation to, the robotâs feedback to a human task demonstration}",
	year = "2011"
}

@InProceedings{ alissandrakis2009helping,
	author = "A. Alissandrakis and N. Otero and J. Saunders",
	booktitle = "{Robot and Human Interactive Communication, 2009. RO-MAN 2009. The 18th IEEE International Symposium on}",
	organization = "IEEE",
	pages = "135--140",
	title = "{Helping robots imitate: Metrics and technological solutions inspired by human behaviour}",
	year = "2009"
}

@Article{ alissandrakis2007correspondence,
	author = "A. Alissandrakis and C.L. Nehaniv and K. Dautenhahn",
	journal = "Systems, Man, and Cybernetics, Part B: Cybernetics, IEEE Transactions on",
	number = "2",
	pages = "299--307",
	publisher = "IEEE",
	title = "{Correspondence mapping induced state and action metrics for robotic imitation}",
	volume = "37",
	year = "2007"
}

@Article{ billard2004discovering,
	author = "A. Billard and Y. Epars and S. Calinon and S. Schaal and G. Cheng",
	journal = "Robotics and autonomous systems",
	number = "2",
	pages = "69--77",
	publisher = "Elsevier",
	title = "{Discovering optimal imitation strategies}",
	volume = "47",
	year = "2004"
}

@Article{ takahashi2010emulation,
	author = "Y. Takahashi and Y. Tamura and M. Asada and M. Negrello",
	journal = "Robotics and Autonomous Systems",
	number = "7",
	pages = "855--865",
	publisher = "Elsevier",
	title = "{Emulation and behavior understanding through shared values}",
	volume = "58",
	year = "2010"
}

@Article{ amabile1996creativity,
	author = "T.M. Amabile",
	journal = "Harvard Business School",
	number = "9",
	pages = "396--239",
	title = "{Creativity and innovation in organizations}",
	volume = "5",
	year = "1996"
}

@Article{ burns2009management,
	author = "T. Burns and G.M. Stalker",
	title = "{The management of innovation}",
	year = "2009"
}

@Article{ west1990social,
	author = "M.A. West",
	publisher = "John Wiley \& Sons",
	title = "{The social psychology of innovation in groups.}",
	year = "1990"
}

@Book{ ball1989political,
	author = "T. Ball and J. Farr and R.L. Hanson",
	publisher = "Cambridge Univ Pr",
	title = "{Political innovation and conceptual change}",
	volume = "11",
	year = "1989"
}

@Book{ medhi2010book,
	author = "J. Medhi",
	edition = "3er",
	publisher = "New Age International",
	title = "{Stochastic processes}",
	year = "2010"
}

@Book{ chung1967markov,
	author = "K.L. Chung",
	publisher = "Springer Berlin",
	title = "{Markov chains with stationary transition probabilities}",
	volume = "104",
	year = "1967"
}

@InProceedings{ mataric1994reward,
	author = "M.J. Mataric",
	booktitle = "{Proceedings of the Eleventh International Conference on Machine Learning}",
	organization = "San Francisco",
	title = "{Reward functions for accelerated learning}",
	volume = "189",
	year = "1994"
}

@Article{ watkins1992q,
	author = "C.J.C.H. Watkins and P. Dayan",
	journal = "Machine learning",
	number = "3",
	pages = "279--292",
	publisher = "Springer",
	title = "{Q-learning}",
	volume = "8",
	year = "1992"
}

@Article{ michie1968boxes,
	author = "D. Michie and RA Chambers",
	journal = "Machine intelligence",
	number = "2",
	pages = "137--152",
	title = "{BOXES: An experiment in adaptive control}",
	volume = "2",
	year = "1968"
}

@Book{ goldberg1989book,
	author = "D.E. Goldberg",
	publisher = "Addison-wesley",
	title = "{Genetic algorithms in search, optimization, and machine learning}",
	year = "1989"
}

%inverse reinforcement learning
@InProceedings{ ng2000algorithms,
	author = "A.Y. Ng and S. Russell",
	booktitle = "{Proceedings of the Seventeenth International Conference on Machine Learning}",
	pages = "663--670",
	title = "{Algorithms for inverse reinforcement learning}",
	address = "Stanford, CA, USA",
	year = "2000"
}

%inverse reinforcement learning
@InProceedings{ abbeel2004apprenticeship,
	author = "P. Abbeel and A.Y. Ng",
	booktitle = "{Proceedings of the twenty-first international conference on Machine learning}",
	organization = "ACM",
	pages = "1",
	address = "Banff, Alberta, Canada",
	title = "{Apprenticeship learning via inverse reinforcement learning}",
	year = "2004"
}

%inverse reinforcement learning
@incollection{lopes2009active,
  title={Active learning for reward estimation in inverse reinforcement learning},
  author={Lopes, Manuel and Melo, Francisco and Montesano, Luis},
  booktitle={Machine Learning and Knowledge Discovery in Databases},
  pages={31--46},
  year={2009},
  publisher={Springer}
}

%inverse reinforcement learning
@inproceedings{ziebart2008maximum,
  title={Maximum Entropy Inverse Reinforcement Learning},
  author={Ziebart, Brian D and Maas, Andrew L and Bagnell, J Andrew and Dey, Anind K},
  booktitle={Conference on Artificial Intelligence (AAAI 2008)},
  address = "Chicago, IL, USA",
  pages={1433--1438},
  year={2008}
}

%Inverse optimal control
@Article{ mombaur2010human,
	author = "K. Mombaur and A. Truong and J.P. Laumond",
	journal = "Autonomous robots",
	number = "3",
	pages = "369--383",
	publisher = "Springer",
	title = "{From human to humanoid locomotion---an inverse optimal control approach}",
	volume = "28",
	year = "2010"
}

%Inverse optimal control
@inproceedings{kalakrishnan2013learning,
  title={Learning objective functions for manipulation},
  author={Kalakrishnan, Mrinal and Pastor, Peter and Righetti, Ludovic and Schaal, Stefan},
  booktitle={Robotics and Automation (ICRA), 2013 IEEE International Conference on},
  pages={1331--1336},
  year={2013},
  address = "Karlsruhe, Germany",
  organization={IEEE}
}

%Inverse optimal control
@inproceedings{ratliff2009inverse,
  title={Inverse optimal heuristic control for imitation learning},
  author={Ratliff, Nathan and Ziebart, Brian and Peterson, Kevin and Bagnell, J Andrew and Hebert, Martial and Dey, Anind K and Srinivasa, Siddhartha},
  year={2009},
  booktitle={{International Conference on Artificial Intelligence and Statistics}},
  address = "Florida, USA",
  organization={AISTATS}
}


@Article{ moreno2006evolutionary,
	author = "L. Moreno and S. Garrido and ML Munoz",
	journal = "Robotics and Autonomous Systems",
	number = "7",
	pages = "590--600",
	publisher = "Elsevier",
	title = "{Evolutionary filter for robust mobile robot global localization}",
	volume = "54",
	year = "2006"
}

@InProceedings{ xue2003pareto,
	author = "F. Xue and A.C. Sanderson and R.J. Graves",
	booktitle = "{Evolutionary Computation, 2003. CEC'03. The 2003 Congress on}",
	organization = "IEEE",
	pages = "862--869",
	title = "{Pareto-based multi-objective differential evolution}",
	volume = "2",
	year = "2003"
}

@Article{ moriarty1999evolutionary,
	author = "D.E. Moriarty and A.C. Schultz and J.J. Grefenstette",
	journal = "Journal of Artificial Intelligence Research",
	pages = "199--229",
	title = "{Evolutionary Algorithms for Reinforcement Learning}",
	volume = "11",
	year = "1999"
}

@Article{ mabu2007graph,
	author = "S. Mabu and K. Hirasawa and J. Hu",
	journal = "Evolutionary Computation",
	number = "3",
	pages = "369--398",
	publisher = "MIT Press",
	title = "{A graph-based evolutionary algorithm: genetic network programming (GNP) and its extension using reinforcement learning}",
	volume = "15",
	year = "2007"
}

@Article{ wang2011constrained,
	author = "Y. Wang and Z. Cai",
	journal = "Evolutionary Computation",
	number = "2",
	pages = "249--285",
	publisher = "MIT Press",
	title = "{Constrained evolutionary optimization by means of ($\mu$+ $\lambda$)-differential evolution and improved adaptive trade-off model}",
	volume = "19",
	year = "2011"
}

@Book{ chakraborty2008book,
	author = "U.K. Chakraborty",
	publisher = "Springer Verlag",
	title = "{Advances in differential evolution}",
	volume = "143",
	year = "2008"
}

@Article{ akaike1974new,
	author = "H. Akaike",
	journal = "Automatic Control, IEEE Transactions on",
	number = "6",
	pages = "716--723",
	publisher = "IEEE",
	title = "{A new look at the statistical model identification}",
	volume = "19",
	year = "1974"
}

@InProceedings{ evrard2009teaching,
	author = "P. Evrard and E. Gribovskaya and S. Calinon and A. Billard and A. Kheddar",
	booktitle = "{Humanoid Robots, 2009. Humanoids 2009. 9th IEEE-RAS International Conference on}",
	organization = "IEEE",
	pages = "399--404",
	title = "{Teaching physical collaborative tasks: Object-lifting case study with a humanoid}",
	year = "2009"
}

@InProceedings{ lin2008self,
	author = "H.I. Lin and C.S.G. Lee",
	booktitle = "{Intelligent Robots and Systems, 2008. IROS 2008. IEEE/RSJ International Conference on}",
	organization = "IEEE",
	pages = "828--833",
	address = "Nice, France",
	title = "{Self-organizing skill synthesis}",
	year = "2008"
}

@Article{ craighero2007mirror,
	author = "L. Craighero and G. Metta and G. Sandini and L. Fadiga",
	journal = "Progress in brain research",
	pages={39--59},
	title = "{The mirror-neurons system: data and models}",
	volume = "164",
	year = "2007"
}

@Article{ maulik2009,
	author = "U. Maulik and I. Saha",
	journal = "Pattern Recognition",
	number = "9",
	pages = "2135--2149",
	publisher = "Elsevier",
	title = "{Modified differential evolution based fuzzy clustering for pixel classification in remote sensing imagery}",
	volume = "42",
	year = "2009"
}

@Article{ moreno2009differential,
	author = "L. Moreno and S. Garrido and D. Blanco and M.L. Mu{\~n}oz",
	journal = "Robotics and Autonomous Systems",
	number = "4",
	pages = "441--450",
	publisher = "Elsevier",
	title = "{Differential evolution solution to the SLAM problem}",
	volume = "57",
	year = "2009"
}

@Article{ calinon2007,
	author = "S. Calinon and A. Billard",
	journal = "Interaction Studies",
	number = "3",
	title = "{What is the teacher's role in robot programming by demonstration? Toward benchmarks for improved learning.}",
	volume = "8",
	year = "2007"
}

@InProceedings{ daniel2012learning,
	author = "C. Daniel and G. Neumann and J. Peters",
	pages = "3591--3597",
	publisher = "IEEE/RSJ International Conference on Intelligent Robots and Systems (IROS)",
	title = "{Learning Concurrent Motor Skills in Versatile Solution Spaces}",
	address = "Algarve, Portugal",
	year = "2012"
}

@TechReport{ nasa1995,
	author = "NASA",
	institution = "National Aeronautics and Space Administration",
	title = "{Man-systems integration standards}",
	year = "1995"
}

@Article{ khansari2011learning,
	author = "S.M. Khansari-Zadeh and A. Billard",
	doi = "10.1109/TRO.2011.2159412",
	issn = "1552-3098",
	journal = "Robotics, IEEE Transactions on",
	keywords = "Gaussian mixture models, discrete robot motions, global asymptotic stability, learning method, nonlinear autonomous dynamical system, stable estimator, stable nonlinear dynamical systems, sufficient condition, time-invariance, Gaussian processes, asymptotic stability, discrete systems, learning systems, nonlinear dynamical systems, robots",
	month = "oct.",
	number = "5",
	pages = "943--957",
	title = "{Learning Stable Nonlinear Dynamical Systems With Gaussian Mixture Models}",
	volume = "27",
	year = "2011"
}

@Article{ kiguchi2003,
	author = "K. Kiguchi and T. Nanayakkara and K. Watanabe and T. Fukuda",
	journal = "Int. J. Control, Autom. Syst",
	pages = "142--148",
	title = "{Multi-dimensional reinforcement learning using a Vector Q-Net-Application to mobile robots}",
	volume = "1",
	year = "2003"
}

@InProceedings{ pardowitz2006incremental,
	author = {M. Pardowitz and R. Z{\"o}llner and R. Dillmann},
	booktitle = "{European Robotics Symposium 2006}",
	organization = "Springer",
	address = "Palermo, Italy",
	pages = "51--63",
	title = "{Incremental learning of task sequences with information-theoretic metrics}",
	year = "2006"
}

@InProceedings{ pardowitz2005learning,
	author = "M. Pardowitz and R. Zollner and R. Dillmann",
	booktitle = "5th IEEE-RAS International Conference on Humanoid Robots (Humanoids 2005)",
	organization = "IEEE",
	pages = "424--429",
	address = "Tsukuba, Japan",
	title = "{Learning sequential constraints of tasks from user demonstrations}",
	year = "2005"
}

@InProceedings{ kormushev2011,
	author = "P. Kormushev and D.N. Nenchev and S. Calinon and D.G. Caldwell",
	booktitle = "{Robotics and Automation (ICRA), 2011 IEEE International Conference on}",
	organization = "IEEE",
	pages = "3970--3975",
	address = "Shanghai, China",
	title = "{Upper-body kinesthetic teaching of a free-standing humanoid robot}",
	year = "2011"
}

@InBook{ billard2008,
	author = "A. Billard and S. Calinon and R. Dillmann and S. Schall",
	booktitle = "{Handbook of Robotics}",
	chapter = "59",
	editor = "B. Siciliano and O. Khatib",
	publisher = "Eds. Cambridge. MIT Press",
	title = "{Robot programming by demonstration}",
	volume = "1",
	year = "2008"
}

@Article{ schaal2010learning,
	author = "S. Schaal and C. Atkeson",
	journal = "Robotics \& Automation Magazine, IEEE",
	number = "2",
	pages = "20--29",
	publisher = "IEEE",
	title = "{Learning control in robotics}",
	volume = "17",
	year = "2010"
}

@Article{ oliveira2004learning,
	author = "E. Oliveira and L. Nunes",
	journal = "Studies in Fuzziness and Soft Computing",
	pages = "279--314",
	publisher = "PHYSICA-VERLAG",
	title = "{Learning by exchanging Advice}",
	volume = "162",
	year = "2004"
}

@Article{ calinon2010learning,
	author = "S. Calinon and F. D'halluin and E.L. Sauser and D.G. Caldwell and A.G. Billard",
	journal = "Robotics \& Automation Magazine, IEEE",
	number = "2",
	pages = "44--54",
	publisher = "IEEE",
	title = "{Learning and reproduction of gestures by imitation}",
	volume = "17",
	year = "2010"
}

@Book{ nanayakkarabook,
	author = "T. Nanayakkara and F. Sahin and M. Jamshidi",
	publisher = "CRC Press",
	title = "{Intelligent Control Systems with an Introduction to System of Systems Engineering}",
	year = "2009"
}

@InProceedings{ argall2008learning,
	author = "B.D. Argall and B. Browning and M. Veloso",
	booktitle = "{Intelligent Robots and Systems, 2008. IROS 2008. IEEE/RSJ International Conference on}",
	organization = "IEEE",
	pages = "399--404",
	address = "Nice, France",
	title = "{Learning robot motion control with demonstration and advice-operators}",
	year = "2008"
}

@Article{ kulic2008incremental,
	author = "D. Kuli{\'c} and W. Takano and Y. Nakamura",
	journal = "The International Journal of Robotics Research",
	number = "7",
	pages = "761--784",
	publisher = "SAGE Publications",
	title = "{Incremental learning, clustering and hierarchy formation of whole body motion patterns using adaptive hidden markov chains}",
	volume = "27",
	year = "2008"
}

@Article{ metta2006understanding,
	author = "G. Metta and G. Sandini and L. Natale and L. Craighero and L. Fadiga",
	journal = "Interaction studies",
	number = "2",
	pages = "197--232",
	publisher = "John Benjamins Publishing Company",
	title = "{Understanding mirror neurons: a bio-robotic approach}",
	volume = "7",
	year = "2006"
}

@Article{ meltzoff1988human,
	author = "A.N. Meltzoff",
	journal = "Social learning: Psychological and biological perspectives",
	pages = "319--341",
	title = "{The human infant as Homo imitans}",
	year = "1988"
}

@Article{ peters2008natural,
	author = "J. Peters and S. Schaal",
	journal = "Neurocomputing",
	number = "7",
	pages = "1180--1190",
	publisher = "Elsevier",
	title = "{Natural actor-critic}",
	volume = "71",
	year = "2008"
}

@Article{ atkeson1997locally,
	author = "C.G. Atkeson and A.W. Moore and S. Schaal",
	journal = "Artificial Intelligence Review",
	number = "1",
	pages = "75--113",
	publisher = "Springer",
	title = "{Locally weighted learning for control}",
	volume = "11",
	year = "1997"
}

@Article{ shumway2000motor,
	author = "C. Shumway",
	journal = "Recherche",
	pages = "02",
	title = "{Motor control: theory and practical applications}",
	volume = "67",
	year = "2000"
}

@Article{ schaal1999imitation,
	author = "S. Schaal",
	journal = "Trends in cognitive sciences",
	number = "6",
	pages = "233--242",
	publisher = "Elsevier",
	title = "{Is imitation learning the route to humanoid robots?}",
	volume = "3",
	year = "1999"
}

@Article{ aksoy2011learning,
	author = {E.E. Aksoy and A. Abramov and J. D{\"o}rr and K. Ning and B. Dellen and F. W{\"o}rg{\"o}tter},
	journal = "The International Journal of Robotics Research",
	number = "10",
	pages = "1229--1249",
	publisher = "SAGE Publications",
	title = "{Learning the semantics of object--action relations by observation}",
	volume = "30",
	year = "2011"
}

@Article{ love2003evolutionary,
	author = "A.C. Love",
	journal = "Biology and Philosophy",
	number = "2",
	pages = "309--345",
	publisher = "Springer",
	title = "{Evolutionary morphology, innovation, and the synthesis of evolutionary and developmental biology}",
	volume = "18",
	year = "2003"
}

@Book{ nelson1993national,
	author = "R.R. Nelson",
	publisher = "Oxford University Press, USA",
	title = "{National innovation systems: a comparative analysis}",
	year = "1993"
}

@Article{ barrios2008learning,
	author = "D. Barrios-Aranibar and L.M.G. Gon\c{c}alves and P.J. Alsina",
	journal = "International Journal of Advanced Robotic Systems.(Org.). Livro: Frontiers in Evolutionary Robotics. Viena: Aleksandar Lazinica",
	title = "{Learning by Experience and by Imitation in Multi-Robot Systems}",
	year = "2008"
}

@Article{ sutton1988learning,
	author = "R.S. Sutton",
	journal = "Machine learning",
	number = "1",
	pages = "9--44",
	publisher = "Springer",
	title = "{Learning to predict by the methods of temporal differences}",
	volume = "3",
	year = "1988"
}

@InProceedings{ sakurai2010method,
	author = "Y. Sakurai and K. Takada and T. Kawabe and S. Tsuruta",
	booktitle = "{Signal-Image Technology and Internet-Based Systems (SITIS), 2010 Sixth International Conference on}",
	organization = "IEEE",
	pages = "74--79",
	title = "{A Method to Control Parameters of Evolutionary Algorithms by using Reinforcement Learning}",
	year = "2010"
}

@InProceedings{ calinon2009learning,
	author = "S. Calinon and P. Evrard and E. Gribovskaya and A. Billard and A. Kheddar",
	booktitle = "{Advanced Robotics, 2009. ICAR 2009. International Conference on}",
	organization = "IEEE",
	pages = "1--6",
	title = "{Learning collaborative manipulation tasks by demonstration using a haptic interface}",
	year = "2009"
}

@InProceedings{ gribovskaya2011motion,
	author = "E. Gribovskaya and A. Kheddar and A. Billard",
	booktitle = "{Robotics and Automation (ICRA), 2011 IEEE International Conference on}",
	organization = "IEEE",
	pages = "4326--4332",
	address = "Shanghai, China",
	title = "{Motion learning and adaptive impedance for robot control during physical interaction with humans}",
	year = "2011"
}

@InProceedings{ naksuk2005whole,
	author = "N. Naksuk and C.S.G. Lee and S. Rietdyk",
	booktitle = "{Humanoid Robots, 2005 5th IEEE-RAS International Conference on}",
	organization = "IEEE",
	pages = "104--109",
	title = "{Whole-body human-to-humanoid motion transfer}",
	year = "2005"
}

@Article{ muhlig2009automatic,
	author = "Manuel Muhlig and Michael Gienger and Jochen J. Steil and Christian Goerick",
	doi = "10.1109/IROS.2009.5353894",
	isbn = "978-1-4244-3803-7",
	journal = "2009 IEEE/RSJ International Conference on Intelligent Robots and Systems",
	month = oct,
	pages = "4996--5002",
	publisher = "IEEE",
	address = "St. Louis, MO, USA",
	title = "{Automatic selection of task spaces for imitation learning}",
	year = "2009"
}

@InProceedings{ grollman2011donut,
	author = "Daniel H Grollman and Aude Billard",
	booktitle = "{Robotics and Automation (ICRA), 2011 IEEE International Conference on}",
	organization = "IEEE",
	pages = "3804--3809",
	address = "Shanghai, China",
	title = "{Donut as I do: Learning from failed demonstrations}",
	year = "2011"
}

@InProceedings{ kajita20013d,
	author = "Shuuji Kajita and Fumio Kanehiro and Kenji Kaneko and Kazuhito Yokoi and Hirohisa Hirukawa",
	booktitle = "{Intelligent Robots and Systems, 2001. Proceedings. 2001 IEEE/RSJ International Conference on}",
	organization = "IEEE",
	pages = "239--246",
	title = "{The 3D Linear Inverted Pendulum Mode: A simple Modelling for a biped walking pattern generation}",
	volume = "1",
	year = "2001"
}

@Article{ schaal2005learning,
	author = "Stefan Schaal and Jan Peters and Jun Nakanishi and Auke Ijspeert",
	journal = "Robotics Research",
	pages = "561--572",
	publisher = "Springer",
	title = "{Learning movement primitives}",
	year = "2005"
}

@InCollection{ Schaal2007425,
	author = "Stefan Schaal and Peyman Mohajerian and Auke Ijspeert",
	booktitle = "{Computational Neuroscience: Theoretical Insights into Brain Function}",
	doi = "10.1016/S0079-6123(06)65027-9",
	editor = "Trevor Drew {Paul Cisek} and John F. Kalaska",
	issn = "0079-6123",
	keywords = "discrete movement, rhythmic movement, movement primitives, dynamic systems, optimization, computational motor control",
	pages = "425--445",
	publisher = "Elsevier",
	series = "{Progress in Brain Research}",
	title = "{Dynamics systems vs. optimal control - a unifying view}",
	volume = "165",
	year = "2007"
}

@Article{Gribovskaya_Khansari,
   affiliation = {EPFL},
   author      = {Gribovskaya, Elena and Zadeh, Khansari and Mohammad,
                 Seyed and Billard, Aude},
   doi         = {NA},
   issn        = {0278-3649},
   journal     = {International {J}ournal of {R}obotics {R}esearch},
   keywords    = {Non-Linear Autonomous Dynamical Systems;; Learning by Imitation},
   oai-id      = {oai:infoscience.epfl.ch:148817},
   oai-set     = {article; fulltext-public; fulltext},
   publisher   = {SAGE Publications},
   review      = {REVIEWED},
   status      = {PUBLISHED},
   submitter   = {173137; 173137; 173137; 173137},
   title       = {Learning {N}onlinear {M}ultivariate {D}ynamics of
                 {M}otion in {R}obotic {M}anipulators},
   unit        = {LASA},
   year        = 2010,
  volume={30},
  number={1},
  pages={80--117},
  publisher={SAGE Publications}
}

@PhDThesis{ sung,
	author = "Hsi Guang Sung",
	school = "Rice University",
	title = "{Gaussian mixture regression and classification}",
	year = "2004"
}

@Article{ vlassis_GMM,
	affiliation = "University of Amsterdam RWCP Autonomous Learning Functions SNN Kruislaan 403 1098 SJ cAmsterdam The Netherlands Kruislaan 403 1098 SJ cAmsterdam The Netherlands",
	author = "Nikos Vlassis and Aristidis Likas",
	issn = "1370-4621",
	issue = "1",
	journal = "Neural Processing Letters",
	keyword = "Computer Science",
	note = "10.1023/A:1013844811137",
	pages = "77--87",
	publisher = "Springer Netherlands",
	title = "{A Greedy EM Algorithm for Gaussian Mixture Learning}",
	volume = "15",
	year = "2002"
}

@InProceedings{ dasgupta_GMM,
	address = "San Francisco, CA, USA",
	author = "Sanjoy Dasgupta and Leonard J. Schulman",
	booktitle = "{UAI '00: Proceedings of the 16th Conference on Uncertainty in Artificial Intelligence}",
	isbn = "1-55860-709-9",
	pages = "152--159",
	publisher = "Morgan Kaufmann Publishers Inc.",
	title = "{A Two-Round Variant of EM for Gaussian Mixtures}",
	year = "2000"
}

@Book{ McLachlanPeel00,
	author = "Geoffrey Mclachlan and David Peel",
	day = "02",
	howpublished = "Hardcover",
	isbn = "0471006262",
	keywords = "kk-says, mixture, statistics",
	month = "October",
	posted-at = "2008-05-30 18:47:43",
	priority = "2",
	publisher = "Wiley-Interscience",
	series = "{Wiley Series in Probability and Statistics}",
	title = "{Finite Mixture Models}",
	year = "2000"
}

@InProceedings{ KhansariBM,
	author = "S. M. Khansari-Zadeh and Aude Billard",
	booktitle = "{Proceeding of the International Conference on Robotics and Automation (ICRA)}",
	citeulike-article-id = "9987243",
	keywords = "by, demonstration, dynamics, gaussian, imitation, learning, mixture, model, programming, stability",
	pages = "2381--2388",
	posted-at = "2011-11-04 09:30:24",
	priority = "5",
	address = "Anchorage, Alaska, USA",
	title = "{{BM}: An Iterative Algorithm to Learn Stable Non-Linear Dynamical Systems with Gaussian Mixture Models}",
	year = "2010"
}

@InProceedings{ pollard02,
	title = "{Adapting human motion for the control of a humanoid robot}",
	author = "N.S. Pollard and J.K. Hodgins and M.J. Riley and C.G. Atkeson",
	booktitle = "Robotics and Automation, 2002. Proceedings. ICRA'02. IEEE International Conference on",
	volume = "2",
	pages = "1390--1397",
	isbn = "0780372727",
	year = "2002",
	organization = "IEEE"
}

@InProceedings{ shiratori07,
	title = "{Temporal scaling of upper body motion for sound feedback system of a dancing humanoid robot}",
	author = "T. Shiratori and S. Kudoh and S. Nakaoka and K. Ikeuchi",
	booktitle = "Intelligent Robots and Systems, 2007. IROS 2007. IEEE/RSJ International Conference on",
	pages = "3251--3257",
	year = "2007",
	organization = "IEEE"
}

@InProceedings{ nakaoka05task,
	title = "{Task model of lower body motion for a biped humanoid robot to imitate human dances}",
	author = "S. Nakaoka and A. Nakazawa and F. Kanehiro and K. Kaneko and M. Morisawa and K. Ikeuchi",
	booktitle = "Intelligent Robots and Systems, 2005.(IROS 2005). 2005 IEEE/RSJ International Conference on",
	pages = "3157--3162",
	isbn = "0780389123",
	year = "2005",
	organization = "IEEE"
}

@Article{ katayama85,
	title = "Design of an Optimal Controller for a Discrete Time System Subject to Previewable Demand",
	author = "T. Katayama and T. Ohki and T. Inoue and T. Kato",
	journal = "Int. J. Control",
	pages = "677--699",
	volume = "41",
	number = "3",
	year = "1985"
}

@misc{mightphd,
	author = "Might, Matt",
	title = "{The illustrated guide to a Ph.D.}",
	url = "http://matt.might.net/articles/phd-school-in-pictures",
	note={\url{http://matt.might.net/articles/phd-school-in-pictures} [Online; accessed Oct-2013]},
	year = "2013"
}

@InProceedings{ kajita1991study,
	title = "Study of dynamic biped locomotion on rugged terrain-theory and basic experiment",
	author = "S. Kajita and K. Tani",
	booktitle = "Advanced Robotics, 1991.'Robots in Unstructured Environments', 91 ICAR., Fifth International Conference on",
	pages = "741--746",
	year = "1991",
	organization = "IEEE"
}

@article{vukobratovic1969contribution,
  title={Contribution to the synthesis of biped gait},
  author={Vukobratovic, Miomir and Juricic, Davor},
  journal={Biomedical Engineering, IEEE Transactions on},
  number={1},
  pages={1--6},
  year={1969},
  publisher={IEEE}
}

@InProceedings{vukobratovic1968contribution,
  title={Contribution to the synthesis of biped gait},
  author={Vukobratovic, Miomir and Juricic, Davor},
	booktitle = {Proceeding of the I.F.A.C. International Symposium on Technical and Biological Problem of Control},
  year={1968},
  publisher={IEEE}
}

@article{vukobratovic1970stability,
  title={On the stability of biped locomotion},
  author={Vukobratovic, Miomir and Frank, AA and Juricic, Davor},
  journal={Biomedical Engineering, IEEE Transactions on},
  number={1},
  pages={25--36},
  year={1970},
  publisher={IEEE}
}

@article{vukobratovic1972stability,
  title={On the stability of anthropomorphic systems},
  author={Vukobratovic, Miomir and Stepanenko, J},
  journal={Mathematical Biosciences},
  volume={15},
  number={1},
  pages={1--37},
  year={1972},
  publisher={Elsevier}
}

%CWC
@inproceedings{hirukawa2006universal,
  title={A universal stability criterion of the foot contact of legged robots-adios ZMP},
  author={Hirukawa, Hirohisa and Hattori, Shizuko and Harada, Kensuke and Kajita, Shuuji and Kaneko, Kenji and Kanehiro, Fumio and Fujiwara, Kiyoshi and Morisawa, Mitsuharu},
  booktitle={Robotics and Automation, 2006. ICRA 2006. Proceedings 2006 IEEE International Conference on},
  pages={1976--1983},
  year={2006},
  organization={IEEE}
}

@inproceedings{hirukawa2007pattern,
  title={A pattern generator of humanoid robots walking on a rough terrain},
  author={Hirukawa, Hirohisa and Hattori, Shizuko and Kajita, Shuuji and Harada, Kensuke and Kaneko, Kenji and Kanehiro, Fumio and Morisawa, Mitsuharu and Nakaoka, Shinichiro},
  booktitle={Robotics and Automation, 2007 IEEE International Conference on},
  pages={2181--2187},
  year={2007},
  organization={IEEE}
}

@Article{ asher97forward,
	title = "Forward Dynamics, Elimination Methods, and Formulation Stiffness in Robot Simulation",
	author = "U. M. Asher and D.K. Pai and B. P. Cloutier",
	journal = "International Journal of Robotic Research",
	pages = "749--758",
	volume = "6",
	number = "6",
	year = "1997"
}

@inproceedings{ayusawa2008identification_a,
  title={Identification of humanoid robots dynamics using floating-base motion dynamics},
  author={Ayusawa, Ko and Venture, Gentiane and Nakamura, Yoshihiko},
  booktitle={Intelligent Robots and Systems, 2008. IROS 2008. IEEE/RSJ International Conference on},
  pages={2854--2859},
  year={2008},
  address = "Nice, France",
  organization={IEEE}
}

@inproceedings{ayusawa2008identification_b,
  title={Identification of the inertial parameters of a humanoid robot using unactuated dynamics of the base link},
  author={Ayusawa, Ko and Venture, Gentiane and Nakamura, Yoshihiko},
  booktitle={Humanoid Robots, 2008. Humanoids 2008. 8th IEEE-RAS International Conference on},
  pages={1--7},
  year={2008},
  organization={IEEE}
}

@inproceedings{mistry2009inertial,
  title={Inertial parameter estimation of floating base humanoid systems using partial force sensing},
  author={Mistry, Michael and Schaal, Stefan and Yamane, Katsu},
  booktitle={Humanoid Robots, 2009. Humanoids 2009. 9th IEEE-RAS International Conference on},
  pages={492--497},
  year={2009},
  organization={IEEE}
}

@inproceedings{mistry2010inverse,
  title={Inverse dynamics control of floating base systems using orthogonal decomposition},
  author={Mistry, Michael and Buchli, Jonas and Schaal, Stefan},
  booktitle={Robotics and Automation (ICRA), 2010 IEEE International Conference on},
  pages={3406--3412},
  address = "Anchorage, Alaska, USA",
  year={2010},
  organization={IEEE}
}

@article{atkeson1986estimation,
  title={Estimation of inertial parameters of manipulator loads and links},
  author={Atkeson, Christopher G and An, Chae H and Hollerbach, John M},
  journal={The International Journal of Robotics Research},
  volume={5},
  number={3},
  pages={101--119},
  year={1986},
  publisher={Sage Publications}
}

@article{horak1996postural,
  title={Postural orientation and equilibrium},
  author={Horak, Fay B and Macpherson, Jane M},
  journal={Comprehensive Physiology},
  year={1996},
  publisher={Wiley Online Library}
}

@inproceedings{kato1974information,
  title={Information-power machine with senses and limbs (Wabot 1)},
  author={Kato, Ichiro},
  booktitle={First CISM-IFToMM Symp. on Theory and Practice of Robots and Manipulators},
  volume={1},
  pages={11--24},
  year={1974},
  organization={Springer-Verlag}
}

@article{kato1973wabot,
  title={The WABOT-1},
  author={Kato, Ichiro},
  journal={Bulletin of Science and engineering Research Laboratory, Waseda University},
  number={62},
  year={1973}
}

@inproceedings{hirai1997current,
  title={Current and future perspective of Honda humamoid robot},
  author={Hirai, Kazuo},
  booktitle={Intelligent Robots and Systems, 1997. IROS'97., Proceedings of the 1997 IEEE/RSJ International Conference on},
  volume={2},
  pages={500--508},
  year={1997},
  organization={IEEE}
}

@article{hirose2001development,
  title={Development of the humanoid robot ASIMO},
  author={Hirose, R and Takenaka, TOORU},
  journal={Honda R\&D Technical Review},
  volume={13},
  number={1},
  pages={1--6},
  year={2001}
}

@inproceedings{kaneko2008humanoid,
  title={Humanoid robot HRP-3},
  author={Kaneko, Kenji and Harada, Kensuke and Kanehiro, Fumio and Miyamori, Gou and Akachi, Kazuhiko},
  booktitle={Intelligent Robots and Systems, 2008. IROS 2008. IEEE/RSJ International Conference on},
  pages={2471--2478},
  year={2008},
  address = "Nice, France",
  organization={IEEE}
}

@inproceedings{akachi2005development,
  title={Development of humanoid robot HRP-3P},
  author={Akachi, Kazuhiko and Kaneko, Kenji and Kanehira, Noriyuki and Ota, Shigehiko and Miyamori, Gou and Hirata, Masaru and Kajita, Shuuji and Kanehiro, Fumio},
  booktitle={Humanoid Robots, 2005 5th IEEE-RAS International Conference on},
  pages={50--55},
  year={2005},
  organization={IEEE}
}

@inproceedings{kaneko2002design,
  title={Design of prototype humanoid robotics platform for HRP},
  author={Kaneko, Kenji and Kanehiro, Fumio and Kajita, Shuuji and Yokoyama, Kazuhiko and Akachi, Kazuhiko and Kawasaki, Toshikazu and Ota, Shigehiko and Isozumi, Takakatsu},
  booktitle={Intelligent Robots and Systems, 2002. IEEE/RSJ International Conference on},
  volume={3},
  pages={2431--2436},
  year={2002},
  organization={IEEE}
}

@inproceedings{kaneko2009cybernetic,
  title={Cybernetic human HRP-4C},
  author={Kaneko, Kenji and Kanehiro, Fumio and Morisawa, Mitsuharu and Miura, Kanako and Nakaoka, Shinichiro and Kajita, Shuuji},
  booktitle={Humanoid Robots, 2009. Humanoids 2009. 9th IEEE-RAS International Conference on},
  pages={7--14},
  year={2009},
  organization={IEEE}
}

@article{harada2007real,
  title={Real-time planning of humanoid robot's gait for force-controlled manipulation},
  author={Harada, Kensuke and Kajita, Shuuji and Kanehiro, Fumio and Fujiwara, Kiyoshi and Kaneko, Kenji and Yokoi, Kazuhito and Hirukawa, Hirohisa},
  journal={Mechatronics, IEEE/ASME Transactions on},
  volume={12},
  number={1},
  pages={53--62},
  year={2007},
  publisher={IEEE}
}

@inproceedings{kaneko2011humanoid,
  title={Humanoid robot hrp-4-humanoid robotics platform with lightweight and slim body},
  author={Kaneko, Kenji and Kanehiro, Fumio and Morisawa, Mitsuharu and Akachi, Kazuhiko and Miyamori, Gou and Hayashi, Atsushi and Kanehira, Noriyuki},
  booktitle={2011 IEEE/RSJ International Conference onIntelligent Robots and Systems, IROS},
  pages={4400--4407},
  year={2011},
  organization={IEEE}
}

@inproceedings{oh2006design,
  title={Design of android type humanoid robot Albert HUBO},
  author={Oh, Jun-Ho and Hanson, David and Kim, Won-Sup and Han, Young and Kim, Jung-Yup and Park, Ill-Woo},
  booktitle={ IEEE/RSJ International Conference on Intelligent Robots and Systems (IROS 2006)},
  pages={1428--1433},
  year={2006},
  address = "Beijing, China",
  organization={IEEE}
}

@inproceedings{diftler2011robonaut,
  title={Robonaut 2-the first humanoid robot in space},
  author={Diftler, Myron A and Mehling, JS and Abdallah, Muhammad E and Radford, Nicolaus A and Bridgwater, Lyndon B and Sanders, Adam M and Askew, Roger Scott and Linn, D Marty and Yamokoski, John D and Permenter, FA and others},
  booktitle={Robotics and Automation (ICRA), 2011 IEEE International Conference on},
  address = "Shanghai, China",
  pages={2178--2183},
  year={2011},
  organization={IEEE}
}

@article{loffler2003sensors,
  title={Sensors and control concept of walking âJohnnieâ},
  author={L{\"o}ffler, Klaus and Gienger, Michael and Pfeiffer, Friedrich},
  journal={The International Journal of Robotics Research},
  volume={22},
  number={3-4},
  pages={229--239},
  year={2003},
  publisher={SAGE Publications}
}

@article{nelson2012petman,
  title={Petman: A humanoid robot for testing chemical protective clothing},
  author={Nelson, Gabe and Saunders, Aaron and Swilling, B and Bondaryk, J and Billings, D and Lee, C and Playter, R and Raibert, M},
  journal={Journal of the Robotics Society of Japan},
  volume={30},
  pages={372--377},
  year={2012}
}

@article{martinez2012teo,
  title={TEO: Full-Size Humanoid Robot Design Powered by a Fuel Cell System},
  author={Mart{\'\i}nez, S and Monje, CA and Jard{\'o}n, Alberto and Pierro, Paolo and Balaguer, Carlos and Mu{\~n}oz, D},
  journal={Cybernetics and Systems},
  volume={43},
  number={3},
  pages={163--180},
  year={2012},
  publisher={Taylor \& Francis}
}

@article{monje2011new,
  title={A new approach on human-robot collaboration with humanoid robot RH-2},
  author={Monje, CA and Pierro, P and Balaguer, C},
  journal={Robotica},
  volume={29},
  number={6},
  pages={949--957},
  year={2011},
  publisher={Cambridge Univ Press}
}

@inproceedings{staroverov2007detecting,
  title={Detecting Sound Sources with the Humanoid Robot Rh-1},
  author={Staroverov, Pavel and Mart{\'i}nez, Ricardo and Kaynov, Dmitry and Arbul{\'u}, Mario and Cabas, Luis and Balaguer, Carlos},
  booktitle={Proceedings of 10th International Conference (CLAWAR 2007)},
  volume={16},
  pages={18},
  year={2007},
  organization={World Scientific}
}

@inproceedings{staroverov2007creating,
  title={Creating a gesture recognition system based on shirt shapes},
  author={Staroverov, P and Kaynov, D and Arbul{\'u}, M and Cabas, LM and Balaguer, CARLOS},
  booktitle={Proc. 8th International Conference on Climbing and Walking Robots (Clawar 2007), Singapore},
  year={2007},
  organization={World Scientific}
}

@inproceedings{arbulu2005rh,
  title={Rh-0 humanoid full size robot's control strategy based on the Lie logic technique},
  author={Arbul{\'u}, Mario and Pardos, Jos{\'e} M and Cabas, Luis and Staroverov, Pavel and Kaynov, Dmitry and P{\'e}rez, Carlos and Rodr{\'\i}guez, Miguel and Balaguer, Carlos},
  booktitle={Humanoid Robots, 2005 5th IEEE-RAS International Conference on},
  pages={271--276},
  year={2005},
  organization={IEEE}
}

@inproceedings{arbulu2008dynamic,
  title={Dynamic acyclic motion from a planar contact-stance to another},
  author={Arbulu, Mario and Yokoi, Kazuhito and Kheddar, Abderrahmane and Balaguer, Carlos},
  booktitle={Intelligent Robots and Systems, 2008.(IROS 2008). Proceedings. 2008 IEEE/RSJ International Conference on},
  pages={3440--3445},
  address = "Nice, France",
  year={2008}
}

@incollection{kaynov2006advanced,
  title={Advanced motion control system for the humanoid robot Rh-0},
  author={Kaynov, Dmitry and Rodr{\'\i}guez, MA and Arbul{\'u}, Mario and Staroverov, Pavel and Cabas, L and Balaguer, Carlos},
  booktitle={Climbing and Walking Robots},
  pages={449--456},
  year={2006},
  publisher={Springer}
}

@article{monje2009humanoid,
  title={Humanoid robot RH-1 for collaborative tasks: a control architecture for human-robot cooperation},
  author={Monje, Concepci{\'o}n A and Pierro, Paolo and Balaguer, Carlos},
  journal={Applied Bionics and Biomechanics},
  volume={5},
  number={4},
  pages={225--234},
  year={2009},
  publisher={Taylor \& Francis}
}

@inproceedings{pierro2008modelling,
  title={Modelling and control of the humanoid robot RH-1 for collaborative tasks},
  author={Pierro, Paolo and Monje, Concepci{\'o}n A and Balaguer, Carlos},
  booktitle={Humanoid Robots, 2008. Humanoids 2008. 8th IEEE-RAS International Conference on},
  pages={125--131},
  year={2008},
  organization={IEEE}
}

@phdthesis{sentis2007thesis,
  title={Synthesis and control of whole-body behaviors in humanoid systems},
  author={Sentis, Luis},
  year={2007},
  school={Stanford University}
}

%the robot is viewed as a single rigid body whose linear and angular momentum is to be controlled
@inproceedings{kajita2003resolved,
  title={Resolved momentum control: Humanoid motion planning based on the linear and angular momentum},
  author={Kajita, Shuuji and Kanehiro, Fumio and Kaneko, Kenji and Fujiwara, Kiyoshi and Harada, Kensuke and Yokoi, Kazuhito and Hirukawa, Hirohisa},
  booktitle={Intelligent Robots and Systems, 2003.(IROS 2003). Proceedings. 2003 IEEE/RSJ International Conference on},
  volume={2},
  pages={1644--1650},
  year={2003},
  organization={IEEE}
}

@inproceedings{sugihara2002real,
  title={Real-time humanoid motion generation through ZMP manipulation based on inverted pendulum control},
  author={Sugihara, Tomomichi and Nakamura, Yoshihiko and Inoue, Hirochika},
  booktitle={Robotics and Automation, 2002. Proceedings. ICRA'02. IEEE International Conference on},
  volume={2},
  pages={1404--1409},
  year={2002},
  organization={IEEE}
}

%Adaptation of kajita2003resolved to generate whole body motions. Info in Handbook pp. 1345
@article{sian2004framework,
  title={A framework for remote execution of whole body motions for humanoid robots},
  author={Sian, Neo Ee and Yokoi, Kazuhito and Kajita, Shuuji and Tanie, Kazuo},
  journal={Humanoid Robots},
  pages={608--626},
  year={2004}
}

@inproceedings{kanehiro2001virtual,
  title={Virtual humanoid robot platform to develop controllers of real humanoid robots without porting},
  author={Kanehiro, Fumio and Miyata, Natsuki and Kajita, Shuuji and Fujiwara, Kiyoshi and Hirukawa, Hirohisa and Nakamura, Yoshihiko and Yamane, Katsu and Kohara, Ichitaro and Kawamura, Yuichiro and Sankai, Yoshiyuki},
  booktitle={Intelligent Robots and Systems, 2001. Proceedings. 2001 IEEE/RSJ International Conference on},
  volume={2},
  pages={1093--1099},
  year={2001},
  organization={IEEE}
}

@article{kanehiro2004openhrp,
  title={OpenHRP: Open architecture humanoid robotics platform},
  author={Kanehiro, Fumio and Hirukawa, Hirohisa and Kajita, Shuuji},
  journal={The International Journal of Robotics Research},
  volume={23},
  number={2},
  pages={155--165},
  year={2004},
  publisher={SAGE Publications}
}

@phdthesis{diankov_thesis,
 author = "Rosen Diankov",
 title = "Automated Construction of Robotic Manipulation Programs",
 school = "Carnegie Mellon University, Robotics Institute",
 month = "August",
 year = "2010",
 number= "CMU-RI-TR-10-29",
 url={http://www.programmingvision.com/rosen_diankov_thesis.pdf},
}

@inproceedings{koenig2004design,
  title={Design and use paradigms for gazebo, an open-source multi-robot simulator},
  author={Koenig, Nathan and Howard, Andrew},
  booktitle={Intelligent Robots and Systems, 2004.(IROS 2004). Proceedings. 2004 IEEE/RSJ International Conference on},
  volume={3},
  pages={2149--2154},
  year={2004},
  organization={IEEE}
}

@inproceedings{wieber2006trajectory,
  title={Trajectory free linear model predictive control for stable walking in the presence of strong perturbations},
  author={Wieber, P-B},
  booktitle={Humanoid Robots, 2006 6th IEEE-RAS International Conference on},
  pages={137--142},
  year={2006},
  organization={IEEE}
}

%%%%%%%%%%%%%%%%%%%%%%%%%%%%%%%%%%%%%%%%%%%%%%%%%%%%%%%%%%%%%%%%%%%%%%%%%%%%%%%%
%%%%%%%%%%%%%%%%%%%%%%%%%%%%%%%%%%%%%%%%%%%%%%%%%%%%%%%%%%%%%%%%%%%%%%%%%%%%%%%%
% PAPERS MIGUEL
%%%%%%%%%%%%%%%%%%%%%%%%%%%%%%%%%%%%%%%%%%%%%%%%%%%%%%%%%%%%%%%%%%%%%%%%%%%%%%%%
%%%%%%%%%%%%%%%%%%%%%%%%%%%%%%%%%%%%%%%%%%%%%%%%%%%%%%%%%%%%%%%%%%%%%%%%%%%%%%%%
@article{monje2013modelling,
  title={Modelling and Simulation of the Humanoid Robot HOAP-3 in the OpenHRP3 Platform},
  author={Monje, C. A. and Pierro, P. and Ramos, T. and Gonz{\'a}lez-Fierro, M. and Balaguer, C.},
  journal={Cybernetics and Systems},
  volume={44},
  number={8},
  pages={663--680},
  year={2013},
  doi={10.1080/01969722.2013.832095},
  url={http://dx.doi.org/10.1080/01969722.2013.832095},
  publisher={Taylor \& Francis}
}

@InProceedings{ gonzalez-fierro2013humanoid,
	author = "Gonz{\'a}lez-Fierro, Miguel and Balaguer, Carlos and Swann, Nicola and  Nanayakkara, Thrishantha",
	booktitle = "{IEEE-RAS International Conference on Humanoid Robots, 2013. Humanoids 2013 }",
	organization = "IEEE",
 	address = "Atlanta, USA",
	title = "{A Humanoid Robot Standing Up Through Learning from Demonstration Using a Multimodal Reward Function}",
	year = "2013"
}

@article{bueno2013facial,
  title={Facial Emotion Recognition and Adaptative Postural Reaction by a Humanoid based on Neural Evolution},
  author={Bueno, Jorge Garc{\'\i}a and Gonz{\'a}lez-Fierro, Miguel and Moreno, Luis and Balaguer, Carlos},
  journal={International Journal of Advanced Computer Science},
  volume={3},
  number={10},
  pages={481--493},
  year={2013}
}

@article{gonzalez-fierro2014full,
  title={Full-Body Postural Control of a Humanoid Robot with Both Imitation Learning and Skill Innovation},
  author={Gonz{\'a}lez-Fierro, Miguel and Balaguer, Carlos and Swann, Nicola and Nanayakkara, Thrishantha},
  journal={International Journal of Humanoid Robotics},
  publisher={World Scientific},
  url={http://dx.doi.org/10.1142/S0219843614500121},
  volume = {11},
  number = {2},
  pages = {1450012},
  year = {2014},
  doi = {10.1142/S0219843614500121}
}

@InProceedings{monje2011modelling,
  title={Modelling and Simulation of the Humanoid Robot HOAP-3 in the OpenHRP3 Platform},
  author={Monje, C. A. and Pierro, P. and Ramos, T. and Gonz{\'a}lez-Fierro, M. and Balaguer, C.},
  booktitle={Proceedings of Robot 2011. Workshop Robots Humanoides},
  year={2011}
}

@InProceedings{bueno2011facial,
  title={Facial Gesture Recognition and Postural Interaction using Neural Evolution Algorithm and Active Appearance Models},
  author={Bueno, Jorge Garc{\'\i}a and Gonz{\'a}lez-Fierro, Miguel and Moreno, Luis and Balaguer, Carlos},
	booktitle = "Proceedings of Robocity2030 9th Workshop: Robots colaborativos e interacci{\'o}n humano-robot",
  pages={145--159},
  year={2011}
}

@InProceedings{ bueno2012facial,
	author = "J. G. Bueno and M. Gonz\'alez-Fierro and L.Moreno and C.Balaguer",
	booktitle = "{2012 International Conference on Human-Robot Interaction (HRI 2012)}",
	organization = "IEEE",
    pages={133--134},
	title = "{Facial Gesture Recognition using Active Appearance Models based on Neural Evolution}",
	year = "2012"
}



@InProceedings{ gonzalezfierro2012dynamic,
	title = "{Dynamic Modelling of Humanoid Robots Using Spatial Algebra}",
	author = "M. Gonz{\'a}lez-Fierro and D. Hern{\'a}ndez and P. Pierro and  C. Balaguer",
	booktitle = "XXXIII Jornadas de AutomÃ¡tica",
	year = "2012",
	organization = "CEA"
}

@InProceedings{pierro2009proyecto,
  title={El Proyecto Europeo ROBOT@CWE: Advanced Robotic Systems in Future Collaborative Working Environments},
  author={Pierro, P. and Gonz{\'a}lez-Fierro, M. and Balaguer, C.},
  booktitle={Proceedings of Robot 2009. II Workshop de Robotica (ROBOT 2009)},
  year={2009}
}

@inproceedings{pierro2009human,
  title={A Human-Humanoid Interface for Collaborative Tasks},
  author={Pierro, Paolo and Hern{\'a}ndez, Daniel and Gonz{\'a}lez-Fierro, Miguel and Blasi, Lorenzo and Milani, Andrea and Balaguer, Carlos},
  booktitle={Proceedings on the Second workshop for young researchers on Human-friendly robotics},
  address = "Sestri Levante, Italy",
  year={2009},
}


@inproceedings{pierro2009humanoid,
  title={Humanoid Teleoperation System for Space Environments},
  author={Pierro, Paolo and Hern{\'a}ndez, Daniel and Gonz{\'a}lez-Fierro, Miguel and Blasi, Lorenzo and Milani, Andrea and Balaguer, Carlos},
  booktitle={Advanced Robotics, 2009. ICAR 2009. International Conference on},
  pages={1--6},
  year={2009},
  organization={IEEE}
}

@inproceedings{pierro2012perception,
  title={Perception System for Working with Humanoid Robots in Unstructured Collaborative Scenarios},
  author={Pierro, Paolo and Hern{\'a}ndez, Daniel and Herrero, David and Gonz{\'a}lez-Fierro, Miguel   and Balaguer, Carlos},
  booktitle={ Proceedings of the 2012 International IEEE Intelligent Vehicles Symposium. Workshops V Perception in Robotics},
  year={2012},
  organization={IEEE}
}


@article{gonzalezfierro2010educational,
  title={Educational Initiatives Related with the CEABOT Contest},
  author={Gonz{\'a}lez-Fierro, Miguel and Jard{\'o}n, Alberto and  Mart{\'\i}nez de la Casa, Santiago and Martin F.  Stoelen and  V{\'i}ctores, J. G. and Balaguer, Carlos},
  journal={Proceedings of SIMPAR},
  pages={649--658},
  year={2010}
}



@InProceedings{ gonzalez-fierro2013robust,
	title = "Robust Control of a Reduced Humanoid Robot Model using Genetic Algorithms and Fractional Calculus",
	author = "M. Gonz{\'a}lez-Fierro and C. A. Monje and C. Balaguer",
	booktitle = "Mathematical Methods in Engineering International Conference MME2013",
	year = "2013",
	pages={183--194},
}

@InProceedings{ gonzalez-fierro2013complete,
	title = "A Complete 3D Perception and Path Planning Architecture for a Humanoid",
	author = "M. Gonz{\'a}lez-Fierro and J.G. Bueno and C. Balaguer and L. Moreno",
	booktitle = "Proceedings of Robocity2030 11th Workshop: Robots Sociales",
  	pages={167--184},
	year = "2013",
}

@InProceedings{ victores2013augmented,
	title = "Augmented Reality and Social Interaction platform through Multirobot Design",
	author = "J. G. V{\'i}ctores and S. Morante and M. Gonz{\'a}lez-Fierro and  C. Balaguer ",
	booktitle = "Proceedings of Robocity2030 11th Workshop: Robots Sociales",
  	pages={131--143},
	year = "2013",
}

@InProceedings{ gonzalez-fierro2013object,
	title = "Object Tagging for Human-Robot Interaction by Recolorization using Gaussian Mixture Models",
	author = "M. Gonz{\'a}lez-Fierro and M. A. Maldonado and J. G. V{\'i}ctores and S. Morante and C. Balaguer",
	booktitle = "Proceedings of Robocity2030 12th Workshop: Rob{\'o}tica Cognitiva",
  	pages={67--76},
	year = "2013",
}

@InProceedings{ bueno2013distinguishing,
	title = "Distinguishing between Similar Objects based on Geometrical Features in 3D Perception",
	author = "J.G. Bueno and A. Mart{\'i}n and M. Gonz{\'a}lez-Fierro and L. Moreno and C. Balaguer",
	booktitle = "Proceedings of Robocity2030 12th Workshop: Rob{\'o}tica Cognitiva",
  	pages={77--92},
	year = "2013",
}


@InProceedings{ gonzalez-fierro2013evolutionary,
	title = "Evolutionary Fractional Order Control of a Humanoid Robot Modeled as a Triple Inverted Pendulum",
	author = "M. Gonz{\'a}lez-Fierro and C. Monje and V. Gonz{\'a}lez and C. Balaguer ",
	booktitle = "Proceedings of Robocity2030 11th Workshop: Robots Sociales",
  	pages={245--263},
	year = "2013",
}

@InProceedings{ mateo2010robust,
	title = "Robust Real Time Stabilization: Estabilizaci{\'o}n de la Imagen con Aplicaci{\'o}n en el Robot Humanoide HOAP-3",
	author = "A. P. Mateo and M. Gonz{\'a}lez-Fierro and D. Hern{\'a}ndez and P. Pierro and  C. Balaguer ",
	booktitle = "Proceedings of Robocity2030 7th Workshop: Visi{\'o}n en Rob{\'o}tica",
	year = "2010",
}

@InProceedings{ pena2010sistema,
	title = "Sistema de Visi{\'o}n del Humanoide HOAP-3 para la Detecci{\'o}n e Identificaci{\'o}n de Objetos Mediante Librer{\'i}as OpenCV",
	author = "A. Pe{\~n}a and D. Hern{\'a}ndez and M. Gonz{\'a}lez-Fierro  and P. Pierro and  C. Balaguer ",
	booktitle = "Proceedings of Robocity2030 7th Workshop: Visi{\'o}n en Rob{\'o}tica",
	year = "2010",
}

@InProceedings{ gonzalez-fierro2009realizacion,
	title = "Realizaci{\'o}n de Tareas Colaborativas entre Robots Humanoides. Experimentaci{\'o}n con dos Robots Robonova",
	author = " M. Gonz{\'a}lez-Fierro  and P. Pierro and A. Jard{\'o}n and D. Herrero and  C. Balaguer ",
	booktitle = "Proceedings of Robocity2030 5th Workshop: Cooperaci{\'o}n en Rob{\'o}tica",
	year = "2009",
}

@article{gonzalez-fierro2015behavior,
	title={Behavior Sequencing Based on Demonstrations - a Case of a Humanoid Opening a Door While Walking},
	author = {M. Gonz{\'a}lez-Fierro and D. Hern{\'a}ndez and T. Nanayakkara and  C. Balaguer},
  	journal={Advanced Robotics},
  	publisher={Taylor \& Francis},
	year = "2015",
  	volume={29},
  	number={5},
	pages = {315-329},
	doi = {10.1080/01691864.2014.992955},
	URL = {http://dx.doi.org/10.1080/01691864.2014.992955},
}

%NOT PUBLISHED YET!!!!
@article{gonzalez-fierro2014fractional,
	title="Fractional Control of a Humanoid Robot Reduced Model with Model Disturbances",	
	author = "M. Gonz{\'a}lez-Fierro and C. A. Monje and C. Balaguer",
  	journal={submitted to Cybernetics and Systems},
  	publisher={Taylor \& Francis},
	year = "2014",
}


%%%%%%%%%%%%%%%%%%%%%%%%%%%%%%%%%%%%%%%%%%%%%%%%%%%%%%%%%%%%%%%%%%%%%%%%%%%%%%%%
%%%%%%%%%%%%%%%%%%%%%%%%%%%%%%%%%%%%%%%%%%%%%%%%%%%%%%%%%%%%%%%%%%%%%%%%%%%%%%%%
% PAPERS MIGUEL
%%%%%%%%%%%%%%%%%%%%%%%%%%%%%%%%%%%%%%%%%%%%%%%%%%%%%%%%%%%%%%%%%%%%%%%%%%%%%%%%
%%%%%%%%%%%%%%%%%%%%%%%%%%%%%%%%%%%%%%%%%%%%%%%%%%%%%%%%%%%%%%%%%%%%%%%%%%%%%%%%

@book{girard2008mimesis,
  title={Mimesis and theory: essays on literature and criticism, 1953-2005},
  author={Girard, Ren{\'e}},
  year={2008},
  publisher={Stanford University Press}
}

@book{girard1988double,
  title={To double business bound: Essays on literature, mimesis and anthropology},
  author={Girard, Ren{\'e}},
  year={1988},
  publisher={JHU Press}
}

@article{peters2008reinforcement,
  title={Reinforcement learning of motor skills with policy gradients},
  author={Peters, Jan and Schaal, Stefan},
  journal={Neural networks},
  volume={21},
  number={4},
  pages={682--697},
  year={2008},
  publisher={Elsevier}
}

@article{ilg2004representation,
  title={On the representation, learning and transfer of spatio-temporal movement characteristics},
  author={Ilg, Winfried and Bakir, G{\"o}khan H and Mezger, Johannes and Giese, Martin A},
  journal={International Journal of Humanoid Robotics},
  volume={1},
  number={04},
  pages={613--636},
  year={2004},
  publisher={World Scientific}
}

@article{jamone2012autonomous,
  title={Autonomous online learning of reaching behavior in a humanoid robot},
  author={Jamone, Lorenzo and Natale, Lorenzo and Nori, Francesco and Metta, Giorgio and Sandini, Giulio},
  journal={International Journal of Humanoid Robotics},
  volume={9},
  number={03},
  year={2012},
  publisher={World Scientific}
}


@article{stulp2012reinforcement,
  title={Reinforcement Learning with Sequences of Motion Primitives for Robust Manipulation},
  author={Stulp, Freek and Evangelos, Theodorou and Stefan, Schaal and others},
  journal={IEEE Transactions on Robotics},
  volume={28},
  number={6},
  pages={1360--1370},
  year={2012}
}

@inproceedings{yokoya2006experience,
  title={Experience based imitation using RNNPB},
  author={Yokoya, Ryunosuke and Ogata, Tetsuya and Tani, Jun and Komatani, Kazunori and Okuno, Hiroshi G},
  booktitle={Intelligent Robots and Systems, 2006 IEEE/RSJ International Conference on},
  pages={3669--3674},
  year={2006},
  organization={IEEE}
}

@article{bouyarmane2012humanoid,
  title={Humanoid robot locomotion and manipulation step planning},
  author={Bouyarmane, Karim and Kheddar, Abderrahmane},
  journal={Advanced Robotics},
  volume={26},
  number={10},
  pages={1099--1126},
  year={2012},
  publisher={Taylor \& Francis}
}


@PhdThesis{sung2004gaussian,
author = {Sung, Hsi Guang},
title = {Gaussian mixture regression and classification},
school = {Rice University},
year = {2004},
}

@article{aleotti2012learning,
  title={Learning Manipulation Tasks from Human Demonstration and 3D Shape Segmentation},
  author={Aleotti, Jacopo and Caselli, Stefano},
  journal={Advanced Robotics},
  volume={26},
  number={16},
  pages={1863--1884},
  year={2012},
  publisher={Taylor \& Francis}
}

@article{chalodhorn2009humanoid,
  title={Humanoid robot motion recognition and reproduction},
  author={Chalodhorn, Rawichote and MacDorman, Karl F and Asada, Minoru},
  journal={Advanced Robotics},
  volume={23},
  number={3},
  pages={349--366},
  year={2009},
  publisher={Taylor \& Francis}
}

@Article{ oustaloup_00,
	journal = "IEEE Transaction on Circuits and Systems I: Fundamental Theory and Applications ",
	volume = "47",
	pages = "25--40",
	number = "1",
	year = "2000",
	title = "{Frequency-Band Complex Noninteger Differentiator: Characterization and Synthesis}",
	author = "A. {Oustaloup} and F. {Levron} and F. {Nanot} and B. {Mathieu}",
	month = "January"
}

@article{jardon2011personal,
    title={Personal Autonomy Rehabilitation in Home Environments by a Portable Assistive Robot},
    journal={IEEE Transactions on Systems, Man, and Cybernetics, Part C Applications and Reviews},
    author={Jard\'on, Alberto and Victores, Juan G. and Mart\'inez, Santiago and Gim\'enez, Antonio and Balaguer, Carlos},
    volume={42},
    number={4},
    pages={561--570},
    publisher={Institute of Electrical and Electronics Engineers},
    year={2011},
    doi={10.1109/TSMCC.2011.2159201},
    url={http://dx.doi.org/10.1109/TSMCC.2011.2159201},
    issn={1094-6977},
    keywords={Climbing robots, Clinical trials, Homecare, Inclusive technologies, Portable robots, Rehabilitation robotics},
}

@article{coradeschi2006symbiotic,
  title={Symbiotic robotic systems: Humans, robots, and smart environments},
  author={Coradeschi, Silvia and Saffiotti, Alessandro},
  journal={Intelligent Systems, IEEE},
  volume={21},
  number={3},
  pages={82--84},
  year={2006},
  publisher={IEEE}
}

@article{khoshelham2012accuracy,
  title={Accuracy and resolution of kinect depth data for indoor mapping applications},
  author={Khoshelham, Kourosh and Elberink, Sander Oude},
  journal={Sensors},
  volume={12},
  number={2},
  pages={1437--1454},
  year={2012},
  publisher={Molecular Diversity Preservation International}
}

@misc{openni2012,
	author = "OpenNI",
	title = "{The largest 3D sensing development framework and community}",
	note={\url{http://www.openni.org} [Online; accessed Apr-2014]},
	year = "2012"
}

@article{rusu2010semantic,
  title={Semantic 3D object maps for everyday manipulation in human living environments},
  author={Rusu, Radu Bogdan},
  journal={KI-K{\"u}nstliche Intelligenz},
  volume={24},
  number={4},
  pages={345--348},
  year={2010},
  publisher={Springer}
}

@inproceedings{dey2005normal,
  title={Normal estimation for point clouds: A comparison study for a Voronoi based method},
  author={Dey, Tamal K and Li, Gang and Sun, Jian},
  booktitle={Point-Based Graphics, 2005. Eurographics/IEEE VGTC Symposium Proceedings},
  pages={39--46},
  year={2005},
  organization={IEEE}
}

@article{kavraki1996probabilistic,
  title={Probabilistic roadmaps for path planning in high-dimensional configuration spaces},
  author={Kavraki, Lydia E and Svestka, Petr and Latombe, J-C and Overmars, Mark H},
  journal={Robotics and Automation, IEEE Transactions on},
  volume={12},
  number={4},
  pages={566--580},
  year={1996},
  publisher={IEEE}
}

@inproceedings{kuffner2000rrt,
  title={RRT-connect: An efficient approach to single-query path planning},
  author={Kuffner, James J and LaValle, Steven M},
  booktitle={Robotics and Automation, 2000. Proceedings. ICRA'00. IEEE International Conference on},
  volume={2},
  pages={995--1001},
  year={2000},
  organization={IEEE}
}

@article{lavalle1998rapidly,
  title={Rapidly-Exploring Random Trees A New Tool for Path Planning},
  author={LaValle, Steven M},
  year={1998}
}

@inproceedings{martinez2013human,
  title={Human-Inspired Anticipative Postural Control Architecture for Humanoid Robots},
  author={Mart{\'\i}nez de la Casa, S. and Jardon, A. and Balaguer, C.},
  booktitle={Systems, Man, and Cybernetics (SMC), 2013 IEEE International Conference on},
  pages={4825--4830},
  year={2013},
  organization={IEEE}
}

@phdthesis{martinez2012thesis,
  title={Human inspired humanoid robots control architecture},
  author={Mart{\'\i}nez de la Casa, S.},
  year={2012},
  school={Universidad Carlos III of Madrid}
}

@article{horak1987clinical,
  title={Clinical measurement of postural control in adults},
  author={Horak, Fay B},
  journal={Physical therapy},
  volume={67},
  number={12},
  pages={1881--1885},
  year={1987},
  publisher={American Physical Therapy Association}
}


@article{horak2006postural,
  title={Postural orientation and equilibrium: what do we need to know about neural control of balance to prevent falls?},
  author={Horak, Fay B},
  journal={Age and ageing},
  volume={35},
  number={suppl 2},
  pages={ii7--ii11},
  year={2006},
  publisher={Br Geriatrics Soc}
}

@inproceedings{garrido2006voronoi,
  title={Voronoi diagram and fast marching applied to path planning},
  author={Garrido, Santiago and Moreno, Luis and Blanco, Dolores},
  booktitle={Robotics and Automation, 2006. ICRA 2006. Proceedings 2006 IEEE International Conference on},
  pages={3049--3054},
  year={2006},
  organization={IEEE}
}

@article{garrido2009exploration,
  title={Exploration of 2D and 3D Environments using Voronoi transform and fast marching method},
  author={Garrido, Santiago and Moreno, Luis and Blanco, Dolores},
  journal={Journal of Intelligent and Robotic Systems},
  volume={55},
  number={1},
  pages={55--80},
  year={2009},
  publisher={Springer}
}

@article{garrido2009fm2,
  title={FM2: a real-time sensor-based feedback controller for mobile robots},
  author={Garrido, Santiago and Moreno, Luis and Abderrahim, Mohamed and Blanco, Dolores},
  journal={International Journal of Robotics \& Automation},
  volume={24},
  number={1},
  pages={48},
  year={2009}
}

@article{garrido2013application,
  title={Application of the fast marching method for outdoor motion planning in robotics},
  author={Garrido, Santiago and Malfaz, Mar{\'\i}a and Blanco, Dolores},
  journal={Robotics and Autonomous Systems},
  volume={61},
  number={2},
  pages={106--114},
  year={2013},
  publisher={Elsevier}
}

@incollection{kuffner2005motion,
  title={Motion planning for humanoid robots},
  author={Kuffner, James and Nishiwaki, Koichi and Kagami, Satoshi and Inaba, Masayuki and Inoue, Hirochika},
  booktitle={Robotics Research},
  pages={365--374},
  year={2005},
  publisher={Springer}
}

@article{kuffner2002dynamically,
  title={Dynamically-stable motion planning for humanoid robots},
  author={Kuffner Jr, James J and Kagami, Satoshi and Nishiwaki, Koichi and Inaba, Masayuki and Inoue, Hirochika},
  journal={Autonomous Robots},
  volume={12},
  number={1},
  pages={105--118},
  year={2002},
  publisher={Springer}
}

@inproceedings{yoshida2005humanoid,
  title={Humanoid motion planning for dynamic tasks},
  author={Yoshida, Eiichi and Belousov, Igor and Esteves, Claudia and Laumond, J-P},
  booktitle={Humanoid Robots, 2005 5th IEEE-RAS International Conference on},
  pages={1--6},
  year={2005},
  organization={IEEE}
}

%human body effort minimization
@incollection{khatib2004human,
  title={Human-like motion from physiologically-based potential energies},
  author={Khatib, Oussama and Warren, James and De Sapio, Vincent and Sentis, Luis},
  booktitle={On advances in robot kinematics},
  pages={145--154},
  year={2004},
  publisher={Springer}
}

%human body effort minimization
@article{anderson2001static,
  title={Static and dynamic optimization solutions for gait are practically equivalent},
  author={Anderson, Frank C and Pandy, Marcus G},
  journal={Journal of biomechanics},
  volume={34},
  number={2},
  pages={153--161},
  year={2001},
  publisher={Elsevier}
}

%human body effort minimization
@article{crowninshield1981physiologically,
  title={A physiologically based criterion of muscle force prediction in locomotion},
  author={Crowninshield, Roy D and Brand, Richard A},
  journal={Journal of biomechanics},
  volume={14},
  number={11},
  pages={793--801},
  year={1981},
  publisher={Elsevier}
}


@PhDThesis{pierro2012stabilizer,
  title={Stabilizer architecture for humanoid robots collaborating with humans},
  author={Pierro, Paolo},
 	school="Universidad Carlos III de Madrid",
  year={2012}
}

@article{choi2007posture,
  title={Posture/walking control for humanoid robot based on kinematic resolution of CoM Jacobian with embedded motion},
  author={Choi, Youngjin and Kim, Doik and Oh, Yonghwan and You, Bum-Jae},
  journal={Robotics, IEEE Transactions on},
  volume={23},
  number={6},
  pages={1285--1293},
  year={2007},
  publisher={IEEE}
}

@article{gates2007robot,
  title={A robot in every home},
  author={Gates, Bill},
  journal={Scientific American},
  volume={296},
  number={1},
  pages={58--65},
  year={2007},
  publisher={Nature Publishing Group}
}

@inproceedings{nakazawa2002imitating,
  title={Imitating human dance motions through motion structure analysis},
  author={Nakazawa, Atsushi and Nakaoka, Shinichiro and Ikeuchi, Katsushi and Yokoi, Kazuhito},
  booktitle={Intelligent Robots and Systems, 2002. IEEE/RSJ International Conference on},
  volume={3},
  pages={2539--2544},
  year={2002},
  organization={IEEE}
}

@article{nakaoka2007learning,
  title={Learning from observation paradigm: Leg task models for enabling a biped humanoid robot to imitate human dances},
  author={Nakaoka, Shin'ichiro and Nakazawa, Atsushi and Kanehiro, Fumio and Kaneko, Kenji and Morisawa, Mitsuharu and Hirukawa, Hirohisa and Ikeuchi, Katsushi},
  journal={The International Journal of Robotics Research},
  volume={26},
  number={8},
  pages={829--844},
  year={2007},
  publisher={SAGE Publications}
}

@inproceedings{calinon2007incremental,
  title={Incremental learning of gestures by imitation in a humanoid robot},
  author={Calinon, Sylvain and Billard, Aude},
  booktitle={Proceedings of the ACM/IEEE international conference on Human-robot interaction},
  pages={255--262},
  year={2007},
  organization={ACM}
}

@article{hersch2008dynamical,
  title={Dynamical system modulation for robot learning via kinesthetic demonstrations},
  author={Hersch, Micha and Guenter, Florent and Calinon, Sylvain and Billard, Aude},
  journal={Robotics, IEEE Transactions on},
  volume={24},
  number={6},
  pages={1463--1467},
  year={2008},
  publisher={IEEE}
}

%All the things a humanoid robot must do to collaborate with us in the future
@techreport{adams2000humanoid,
  title={Humanoid robots: a new kind of tool},
  author={Adams, Bryan and Breazeal, Cynthia L and Brooks, Rodney and Scassellati, Brian},
  year={2000},
  institution={DTIC Document}
}

@phdthesis{nanayakkara2001evolutionary,
  title={An Evolutionary Approach to Skillful Motion Control of Industrial Robots},
  author={Nanayakkara, DP Thrishantha},
  year={2001},
  school={School of Science and Engineering, Saga University}
}

%Brooks defending the physical grounded hypothesis over symbol system hypothesis
@article{brooks1990elephants,
  title={Elephants don't play chess},
  author={Brooks, Rodney A},
  journal={Robotics and autonomous systems},
  volume={6},
  number={1},
  pages={3--15},
  year={1990},
  publisher={Elsevier}
}

%Intelligence should be approached in an incremental manner, relying on the interaction
% with the environment. Therefore, intelligence should be build without representation
%"I wish to build completely autonomous mobile agents that co-exist in the world with humans, and
%are seen by those humans as intelligent beings in their own right. I will call such agents Creatures."
% We should go from decomposing problems by function (vision, planning, learning, control) to
% decompose them by activity or skill that pursues a goal. Therefore, we can construct incremental layer 
%of intelligence starting from simple autonomous systems to complex ones.
%"By having multiple parallel activities, and by removing the idea of a central representation, there
%is less chance that any given change in the class of properties enjoyed by the world can cause total
%collapse of the system."
% There is no central system that have a representation of the word but multiple layers with different goals
% that act in parallel.
%"We believe representations are not necessary and appear only in the eye or mind of the observer."
@article{brooks1991intelligence,
  title={Intelligence without representation},
  author={Brooks, Rodney A},
  journal={Artificial intelligence},
  volume={47},
  number={1},
  pages={139--159},
  year={1991},
  publisher={Elsevier}
}

%They use fractional control to reduce the error in SLAM with the NAO
@article{wen2014study,
  title={The Study of Fractional Order Controller with SLAM in the Humanoid Robot},
  author={Wen, Shuhuan and Chen, Xiao and Zhao, Yongsheng and Rad, Ahmad B and Othman, Kamal Mohammed and Zhang, Ethan},
  journal={Advances in Mathematical Physics},
  volume={2014},
  year={2014},
  publisher={Hindawi Publishing Corporation}
}

%8 link robot model lifting a box
@inproceedings{arisumi2008dynamic,
  title={Dynamic lifting by whole body motion of humanoid robots},
  author={Arisumi, Hitoshi and Miossec, Sylvain and Chardonnet, J-R and Yokoi, Kazuhito},
  booktitle={Intelligent Robots and Systems, 2008. IROS 2008. IEEE/RSJ International Conference on},
  pages={668--675},
  year={2008},
  address = "Nice, France",
  organization={IEEE}
}

@inproceedings{yoshikawa2009compliant,
  title={Compliant humanoid robot control by the torque transformer},
  author={Yoshikawa, Taizo and Khatib, Oussama},
  booktitle={Intelligent Robots and Systems, 2009. IROS 2009. IEEE/RSJ International Conference on},
  pages={3011--3018},
  address = {St. Louis, MO, USA},
  year={2009},
  organization={IEEE}
}

%Multibody ZMP equation
@inproceedings{so2005new,
  title={A new ZMP constraint equation with application to motion planning of humanoid using kinematic redundancy},
  author={So, Byung Rok and Choi, Je Youn and Yi, Byung-Ju and Kim, Wheekuk},
  booktitle={Intelligent Robots and Systems, 2005.(IROS 2005). 2005 IEEE/RSJ International Conference on},
  pages={4021--4027},
  year={2005},
  organization={IEEE}
}

@article{bode1940relations,
  title={Relations between attenuation and phase in feedback amplifier design},
  author={Bode, Hendrick W},
  journal={Bell System Technical Journal},
  volume={19},
  number={3},
  pages={421--454},
  year={1940},
  publisher={Wiley Online Library}
}

@article{bode1945network,
  title={Network analysis and feedback amplifier design},
  author={Bode, Hendrik W},
  year={1945}
}

@article{delavari2013fractional,
  title={Fractional order controller design for a flexible link manipulator robot},
  author={Delavari, Hadi and Lanusse, Patrick and Sabatier, Jocelyn},
  journal={Asian Journal of Control},
  volume={15},
  number={3},
  pages={783--795},
  year={2013},
  publisher={Wiley Online Library}
}

@ARTICLE{monje2007tip, 
author={Monje, C.A. and Ramos, F. and Feliu, V. and Vinagre, B.M.}, 
journal={Control Theory Applications, IET}, 
title={Tip position control of a lightweight flexible manipulator using a fractional order controller}, 
year={2007}, 
month={Sept}, 
volume={1}, 
number={5}, 
pages={1451-1460}, 
doi={10.1049/iet-cta:20060477}, 
ISSN={1751-8644}
}

@INPROCEEDINGS{monje2009auto, 
author={Monje, C.A. and Vinagre, B.M. and Santamaria, G.E. and Tejado, I.}, 
booktitle={Emerging Technologies Factory Automation, 2009. ETFA 2009. IEEE Conference on}, 
title={Auto-tuning of fractional order PID controllers using a PLC}, 
year={2009}, 
month={Sept}, 
pages={1-7}
}

@article{padula2011tuning,
  title={Tuning rules for optimal PID and fractional-order PID controllers},
  author={Padula, Fabrizio and Visioli, Antonio},
  journal={Journal of Process Control},
  volume={21},
  number={1},
  pages={69--81},
  year={2011},
  publisher={Elsevier}
}

@article{valerio2006tuning,
  title={Tuning of fractional PID controllers with Ziegler--Nichols-type rules},
  author={Val{\'e}rio, Duarte and da Costa, Jos{\'e} S{\'a}},
  journal={Signal Processing},
  volume={86},
  number={10},
  pages={2771--2784},
  year={2006},
  publisher={Elsevier}
}

@article{chen2014design,
  title={Design of a fractional order PID controller for hydraulic turbine regulating system using chaotic non-dominated sorting genetic algorithm II},
  author={Chen, Zhihuan and Yuan, Xiaohui and Ji, Bin and Wang, Pengtao and Tian, Hao},
  journal={Energy Conversion and Management},
  volume={84},
  pages={390--404},
  year={2014},
  publisher={Elsevier}
}

%Control of 2dof humanoid with FOC optimized by a genetic algorithm
@inproceedings{silva2005towards,
  title={Towards an autonomous small-size humanoid robot: design issues and control strategies},
  author={Silva, Filipe and Santos, Vitor},
  booktitle={Computational Intelligence in Robotics and Automation, 2005. CIRA 2005. Proceedings. 2005 IEEE International Symposium on},
  pages={87--92},
  year={2005},
  organization={IEEE}
}


@inproceedings{puga2006motion,
  title={Motion planning and control strategies for a distributed architecture humanoid robot},
  author={Puga, Jose RT and Silva, Filipe MT and Santos, Vitor MF},
  booktitle={Robot Control},
  volume={8},
  number={1},
  pages={773--778},
  year={2006}
}

@book{winter2009biomechanics,
  title={Biomechanics and motor control of human movement},
  author={Winter, David A},
  year={2009},
  publisher={John Wiley \& Sons}
}

@ARTICLE{eng1992interaction,
author={Eng, J.J. and Winter, D.A. and MacKinnon, D. and Patla, A.E.},
title={Interaction of the reactive moments and centre of mass displacement for postural control during voluntary arm movements},
journal={Neuroscience Research Communications},
year={1992},
volume={11},
number={2},
pages={73-80}
}

@article{rietdyk1999balance,
title = "Balance recovery from medio-lateral perturbations of the upper body during standing ",
journal = "Journal of Biomechanics ",
volume = "32",
number = "11",
pages = "1149 - 1158",
year = "1999",
author = "S Rietdyk and A.E Patla and D.A Winter and M.G Ishac and C.E Little"
}

@article{macKinnon1993control,
title = "Control of whole body balance in the frontal plane during human walking ",
journal = "Journal of Biomechanics ",
volume = "26",
number = "6",
pages = "633 - 644",
year = "1993",
author = "Colum D. MacKinnon and David A. Winter"
}

%Shows the relevance of an inverted pendulum structure in the postural control of a human in the sagittal plane
@article{barin1989evaluation,
  title={Evaluation of a generalized model of human postural dynamics and control in the sagittal plane},
  author={Barin, K},
  journal={Biological Cybernetics},
  volume={61},
  number={1},
  pages={37--50},
  year={1989},
  publisher={Springer}
}

%Postural control
@inproceedings{bonnet2009robotic,
  title={A robotic closed-loop scheme to model human postural coordination},
  author={Bonnet, Vincent and Fraisse, Philippe and Ramdani, Nacim and Lagarde, Julien and Ramdani, Sofiane and Bardy, Benoit G},
  booktitle={Proceedings of the 2009 IEEE/RSJ international conference on Intelligent robots and systems},
  pages={2525--2530},
  year={2009},
  organization={IEEE Press}
}

@article{nashner1985organization,
  title={The organization of human postural movements: a formal basis and experimental synthesis},
  author={Nashner, Lewis M and McCollum, Gin},
  journal={Behavioral and brain sciences},
  volume={8},
  number={01},
  pages={135--150},
  year={1985},
  publisher={Cambridge Univ Press}
}

%postural control with double pendulum
@inproceedings{stephens2007integral,
  title={Integral control of humanoid balance},
  author={Stephens, Benjamin},
  booktitle={Intelligent Robots and Systems, 2007. IROS 2007. IEEE/RSJ International Conference on},
  pages={4020--4027},
  year={2007},
  organization={IEEE}
}

@inproceedings{kajita2010biped,
  title={Biped walking stabilization based on linear inverted pendulum tracking},
  author={Kajita, Shuuji and Morisawa, Mitsuharu and Miura, Kanako and Nakaoka, Shinichiro and Harada, Kensuke and Kaneko, Kenji and Kanehiro, Fumio and Yokoi, Kazuhito},
  booktitle={Intelligent Robots and Systems (IROS), 2010 IEEE/RSJ International Conference on},
  pages={4489--4496},
  year={2010},
  organization={IEEE}
}

%Balance control of a mass distributed model
@inproceedings{stephens2010dynamic,
  title={Dynamic balance force control for compliant humanoid robots},
  author={Stephens, Benjamin J and Atkeson, Christopher G},
  booktitle={Intelligent Robots and Systems (IROS), 2010 IEEE/RSJ International Conference on},
  pages={1248--1255},
  year={2010},
  organization={IEEE}
}

%Childrens overimitate
@article{nielsen2014culture,
  title={Where Culture Takes Hold:âOverimitationâ and Its Flexible Deployment in Western, Aboriginal, and Bushmen Children},
  author={Nielsen, Mark and Mushin, Ilana and Tomaselli, Keyan and Whiten, Andrew},
  journal={Child development},
  volume={85},
  number={6},
  pages={2169--2184},
  year={2014},
  publisher={Wiley Online Library}
}


%suggested by reviwer of Advanced Robotics for Imitation Learning
%They extract motion primitives using a similar approach of HMM from human data
% and then transfer them to the robot taking into account also the ground force
@article{ariki2013extraction,
  title={Extraction of primitive representation from captured human movements and measured ground reaction force to generate physically consistent imitated behaviors},
  author={Ariki, Yuka and Hyon, Sang-Ho and Morimoto, Jun},
  journal={Neural Networks},
  volume={40},
  pages={32--43},
  year={2013},
  publisher={Elsevier}
}


%suggested by reviwer of Advanced Robotics for Imitation Learning
%They use bayesian networks to learn human kinematic and dynamic information
% and infer dynamically stable motions for the robot
@inproceedings{grimes2006dynamic,
  title={Dynamic Imitation in a Humanoid Robot through Nonparametric Probabilistic Inference.},
  author={Grimes, David B and Chalodhorn, Rawichote and Rao, Rajesh PN},
  booktitle={Robotics: science and systems},
  pages={199--206},
  year={2006},
  organization={Cambridge, MA}
}

%suggested by reviwer of Advanced Robotics for Imitation Learning
%primitives in cartesian space + adaptation + constraints + ZMP
@inproceedings{nakaoka2003generating,
  title={Generating whole body motions for a biped humanoid robot from captured human dances},
  author={Nakaoka, Shinichiro and Nakazawa, Atsushi and Yokoi, Kazuhito and Hirukawa, Hirohisa and Ikeuchi, Katsushi},
  booktitle={Robotics and Automation, 2003. Proceedings. ICRA'03. IEEE International Conference on},
  volume={3},
  pages={3905--3910},
  address = "Taipei, China",
  year={2003},
  organization={IEEE}
}

%suggested by reviwer of Advanced Robotics for Policy Learning
@article{matsubara2008learning,
  title={Learning to acquire whole-body humanoid center of mass movements to achieve dynamic tasks},
  author={Matsubara, Takamitsu and Morimoto, Jun and Nakanishi, Jun and Hyon, Sang-Ho and Hale, Joshua G and Cheng, Gordon},
  journal={Advanced Robotics},
  volume={22},
  number={10},
  pages={1125--1142},
  year={2008},
  publisher={Taylor \& Francis}
}

%suggested by reviwer of Advanced Robotics for Policy Learning
@inproceedings{yamaguchi2010reinforcement,
  title={Reinforcement learning for balancer embedded humanoid locomotion},
  author={Yamaguchi, Akihiko and Hyon, S and Ogasawara, Tsukasa},
  booktitle={Humanoid Robots (Humanoids), 2010 10th IEEE-RAS International Conference on},
  pages={308--313},
  address = "Nashville, TN, USA",
  year={2010},
  organization={IEEE}
}

%suggested by reviwer of Advanced Robotics for Policy Learning
@inproceedings{yi2011online,
  title={Online learning of a full body push recovery controller for omnidirectional walking},
  author={Yi, Seung-Joon and Zhang, Byoung-Tak and Hong, Dennis and Lee, Daniel D},
  booktitle={Humanoid Robots (Humanoids), 2011 11th IEEE-RAS International Conference on},
  pages={1--6},
  address = "Bled, Slovenia",
  year={2011},
  organization={IEEE}
}

@article{minsky2006emotion,
  title={The emotion machine},
  author={Minsky, Marvin},
  journal={New York: Pantheon},
  year={2006}
}

%Calinon's book
@book{calinon2009robot,
  title={Robot programming by demonstration: a probabilistic approach},
  author={Calinon, Sylvain},
  year={2009},
  publisher={EPFL Press}
}

%Calinon+Thrish using the reward as a basis of comparison
@article{calinon2014human,
  title={Human--robot skills transfer interfaces for a flexible surgical robot},
  author={Calinon, Sylvain and Bruno, Danilo and Malekzadeh, Milad S and Nanayakkara, Thrishantha and Caldwell, Darwin G},
  journal={Computer methods and programs in biomedicine},
  volume={116},
  number={2},
  pages={81--96},
  year={2014},
  publisher={Elsevier}
}

%Calinon+Thrish using the reward as a basis of comparison
@inproceedings{malekzadeh2013skills,
  title={Skills transfer across dissimilar robots by learning context-dependent rewards},
  author={Malekzadeh, Milad S and Bruno, Danilo and Calinon, Sylvain and Nanayakkara, Thrishantha and Caldwell, Darwin G},
  booktitle={Intelligent Robots and Systems (IROS), 2013 IEEE/RSJ International Conference on},
  pages={1746--1751},
  address = "Tokyo, Japan",
  year={2013},
  organization={IEEE}
}

@article{taylor2013observational,
  title={Observational learning: basis, experimental results and models, and implications for robotics},
  author={Taylor, John G and Cutsuridis, Vassilis and Hartley, Matthew and Althoefer, Kaspar and Nanayakkara, Thrishantha},
  journal={Cognitive Computation},
  volume={5},
  number={3},
  pages={340--354},
  year={2013},
  publisher={Springer}
}

%First paper of deep learning
@article{hinton2006fast,
  title={A fast learning algorithm for deep belief nets},
  author={Hinton, Geoffrey and Osindero, Simon and Teh, Yee-Whye},
  journal={Neural computation},
  volume={18},
  number={7},
  pages={1527--1554},
  year={2006},
  publisher={MIT Press}
}

@inproceedings{lee2009convolutional,
  title={Convolutional deep belief networks for scalable unsupervised learning of hierarchical representations},
  author={Lee, Honglak and Grosse, Roger and Ranganath, Rajesh and Ng, Andrew Y},
  booktitle={Proceedings of the 26th Annual International Conference on Machine Learning},
  pages={609--616},
  year={2009},
  organization={ACM}
}

@inproceedings{ngiam2011multimodal,
  title={Multimodal deep learning},
  author={Ngiam, Jiquan and Khosla, Aditya and Kim, Mingyu and Nam, Juhan and Lee, Honglak and Ng, Andrew Y},
  booktitle={Proceedings of the 28th International Conference on Machine Learning (ICML-11)},
  pages={689--696},
  year={2011}
}

@inproceedings{le2013building,
  title={Building high-level features using large scale unsupervised learning},
  author={Le, Quoc V},
  booktitle={Acoustics, Speech and Signal Processing (ICASSP), 2013 IEEE International Conference on},
  pages={8595--8598},
  year={2013},
  organization={IEEE}
}

%Victor's work on active learning
@inproceedings{gonzalez2014asking,
  title={Asking rank queries in pose learning},
  author={Gonzalez-Pacheco, V{\'\i}ctor and Malfaz, Maria and Salichs, Miguel A},
  booktitle={Proceedings of the 2014 ACM/IEEE international conference on Human-robot interaction},
  pages={164--165},
  year={2014},
  organization={ACM}
}

%Related to active learnig but not specifically
@article{gonzalez2013teaching,
  title={Teaching Human Poses Interactively to a Social Robot},
  author={Gonzalez-Pacheco, Victor and Malfaz, Maria and Fernandez, Fernando and Salichs, Miguel A},
  journal={Sensors},
  volume={13},
  number={9},
  pages={12406--12430},
  year={2013},
  publisher={Multidisciplinary Digital Publishing Institute}
}

%Active learning
@inproceedings{cakmak2012designing,
  title={Designing robot learners that ask good questions},
  author={Cakmak, Maya and Thomaz, Andrea L},
  booktitle={Proceedings of the seventh annual ACM/IEEE international conference on Human-Robot Interaction},
  pages={17--24},
  year={2012},
  organization={ACM}
}

@article{metta2006yarp,
  title={YARP: yet another robot platform},
  author={Metta, Giorgio and Fitzpatrick, Paul and Natale, Lorenzo},
  journal={International Journal on Advanced Robotics Systems},
  volume={3},
  number={1},
  pages={43--48},
  year={2006}
}




